2952 4754
743 234 786 298 34

196 423 254 498 16;
277 421 328 499 48,
354 423 402 485 11.
446 422 531 486 VIII.
553 423 583 500 6,
605 423 662 497 23;
688 421 735 498 14,
759 421 788 497 5,
814 422 870 496 11;
899 419 950 500 28,
974 423 1007 500 9;
1037 421 1088 500 48,
1115 422 1172 498 13;
1195 423 1246 499 76,
1272 422 1333 498 22;

193 523 244 604 86,
270 527 323 600 17;
346 525 397 602 95,
422 526 470 591 19.
634 545 635 548 ¹

278 627 326 691 Ex
347 628 459 712 regula
479 627 621 710 generadi
644 626 934 711 genitiviabsoluti
949 626 1089 708 ponendi
1111 647 1174 690 non
1196 632 1280 704 sunt,
1306 627 1336 692 si

194 730 445 812 notio-genitivo
468 751 619 813 expressa
641 731 674 794 in
703 731 861 795 enuntiati
882 729 1027 812 primarii
1048 729 1156 810 aliquo
1177 729 1335 793 vocabulo

194 838 293 897 extat.
337 831 434 897 Haud
456 855 529 899 raro
552 840 668 910 tamen,
693 838 751 909 „ut
772 838 886 914 suapte
901 834 1002 915 magis
1023 832 1054 896 vi
1076 833 1236 896 sententia
1255 853 1336 897 con-

194 939 278 999 stet‘
314 934 366 1019 (ut
397 938 444 1000 ait
465 934 735 1019 Poppo-Stahlius
772 935 814 998 ad
846 933 901 998 111.
925 934 983 1012 82,
1007 935 1038 1013 6)
1070 935 1153 999 hanc
1186 935 1336 1016 regulam

193 1037 363 1120 scriptores
390 1059 453 1102 non
485 1043 672 1120 sequuntur,
706 1037 795 1120 cujus
828 1037 875 1102 rei
901 1037 1046 1120 exempla
1072 1037 1160 1119 apud
1179 1037 1277 1103 Thuc.
1299 1041 1335 1102 in

192 1138 243 1204 his
264 1139 342 1204 locis
363 1139 519 1205 invenient

276 1242 300 1306 Ι.
328 1233 469 1320 114,’2;
502 1239 558 1306 καὶ
587 1239 620 1318 ἐς
653 1234 752 1332 αὐτὴν
786 1236 1080 1325 διαβεβηκότος
1110 1235 1179 1328 ἤδη
1213 1247 1336 1328 Περι-

192 1343 334 1422 κλέους
356 1347 493 1430 στρατιᾷ
503 1337 702 1428 Ἀθηναίων,
725 1338 869 1428 ἠγγέλθη
892 1339 1001 1429 αὐτῷ.
1043 1343 1081 1409 Π,
1103 1345 1132 1420 ἴ),
1148 1346 1204 1421 23;
1227 1347 1335 1424 8,13;

192 1449 243 1526 49,
264 1449 320 1524 32;
350 1448 401 1526 82,
424 1446 461 1523 5;
490 1447 545 1525 83,
577 1447 616 1512 15
644 1444 749 1530 (παρὰ
775 1449 832 1531 γῆν
861 1449 954 1531 σφῶν
974 1445 1193 1529 κομιζομένων
1221 1445 1334 1515 καὶ...

193 1546 493 1634 διαβαλλόντων...
525 1549 674 1614 κατεῖδον
705 1543 781 1625 τοὺς
806 1541 1031 1634 Ἀθηναίους).
1067 1589 1106 1598 -
1139 1551 1246 1630 1114,
1272 1554 1334 1632 14;

194 1655 243 1733 13,
266 1654 325 1730 30;
347 1654 397 1730 22,
421 1653 455 1728 6;
478 1652 529 1731 36,
552 1653 590 1727 2;
618 1652 670 1730 45,
695 1653 751 1727 13;
777 1652 829 1730 49,
854 1652 908 1728 15;
931 1653 981 1730 55,
1005 1653 1042 1727 3;
1065 1653 1115 1730 78,
1140 1654 1194 1731 13;
1218 1655 1268 1733 82,
1294 1658 1333 1734 6;

194 1757 265 1834 112,
288 1755 338 1819 21.
382 1753 434 1819 IV.
458 1755 506 1834 12,
531 1754 565 1830 7;
599 1755 728 1830 20,14;
764 1754 814 1831 32,
836 1754 872 1832 4;
905 1755 956 1832 34,
978 1755 1016 1831 4;
1050 1755 1107 1834 40,
1132 1757 1164 1833 6;
1197 1761 1333 1837 41,16;

192 1859 322 1938 73,13;
352 1857 403 1936 96,
429 1857 483 1933 13;
516 1858 586 1936 120,
612 1859 660 1924 11.
704 1856 741 1922 V.
765 1858 815 1932 31,
840 1857 875 1930 7;
904 1857 955 1934 33,
977 1858 1014 1933 43
1044 1857 1094 1936 66,
1120 1860 1175 1936 11;
1205 1862 1275 1938 103,
1299 1863 1332 1928 4.

191 1961 275 2026 VIII.
297 1960 349 2040 32,
370 1960 407 2035 5;
430 1960 481 2038 48,
506 1960 561 2037 13;
585 1960 635 2038 61,
659 1960 714 2038 13;
737 1961 787 2038 62,
813 1961 847 2036 1;
872 1959 921 2036 76,
946 1961 994 2025 12.

277 2064 376 2127 Adur
418 2062 553 2140 Locum,
583 2064 639 2144 qui
668 2069 717 2127 est
737 2061 762 2126 1.
787 2062 840 2138 10,
864 2063 901 2124 11
932 2056 1035 2143 (ὅμως
1055 2060 1105 2143 δὲ,
1134 2057 1208 2128 οότε
1228 2065 1334 2144 ξυνοι-

191 2161 364 2252 κισθσίσης
396 2159 525 2240 πόλεως
558 2157 632 2228 οὔτε
670 2158 769 2247 ἱεροῖς
804 2159 860 2226 καὶ
889 2167 1103 2242 κατασκευαῖς
1135 2166 1330 2234 πολυτελέσι

189 2265 405 2356 χρησαμένης,
427 2262 639 2348 κατὰ·κιόμας
662 2263 757 2330 δέ...
780 2261 1001 2352 οἰκισθείσης,
1024 2262 1165 2353 φαίνοιτ’
1187 2261 1226 2333 δν
1246 2267 1331 2334 ono-

192 2369 357 2455 δεεστέρα)
379 2370 443 2434 huo
464 2368 668 2435 referendum
698 2390 766 2435 esse
790 2368 887 2435 Class.
910 2371 1014 2435 minus
1037 2377 1124 2436 recte
1146 2372 1257 2438 dooere
1278 2373 1326 2437 vi-

192 2477 298 2540 detur.
341 2471 410 2537 Hoc
431 2492 508 2537 sane
531 2471 692 2538 Classenio
727 2472 966 2537 concedendum
987 2479 1053 2550 est,
1087 2476 1330 2556 grammaticam

191 2578 350 2645 rationem
372 2596 431 2658 per
462 2595 497 2640 se
519 2595 584 2640 non
613 2575 757 2651 obstare,
786 2577 954 2657 quominus
981 2575 1174 2657 adjectivum
1195 2574 1331 2644 ὑποδεε-

192 2679 291 2766 στέρα
313 2679 356 2745 ad
377 2677 477 2746 subst.
500 2673 599 2754 πόλις
620 2677 787 2743 referatur.
843 2677 934 2755 Quod
966 2699 1040 2743 vero
1074 2679 1168 2759 dicit,
1199 2681 1331 2747 verbnm

193 2779 375 2870 φαίνεσθαι
405 2780 457 2862 (=
483 2801 539 2844 ans
561 2780 655 2844 Licht
676 2786 794 2858 treton)
829 2780 943 2846 referri
971 2803 1035 2845 uon
1056 2780 1150 2847 facile
1172 2805 1262 2868 posse
1284 2783 1329 2848 ad

194 2882 342 2966 δύναμις,
367 2883 455 2964 cujus
476 2884 564 2947 notio
584 2885 646 2948 nisi
669 2883 863 2964 cogitatione
885 2884 955 2948 erui
975 2905 1038 2949 non
1059 2887 1175 2967 possit,
1198 2887 1331 2951 nonita

194 3009 291 3074 grave
315 3007 383 3052 esse
397 2985 459 3050 hoo
473 2991 696 3068 argumentum
717 2991 812 3068 puto,
836 3008 943 3068 quum,
966 2987 1091 3052 etiamsi
1110 2982 1333 3072 ὑποδεεστέρα

194 3093 237 3159 ad
259 3086 357 3166 πόλις
378 3087 499 3154 referre
521 3088 668 3167 velimus,
690 3089 802 3171 procul
825 3089 922 3154 dubio
944 3089 1143 3155 accusativus
1165 3091 1332 3158 relationis

194 3191 252 3282 τὴν
273 3189 407 3274 δύναμιν
436 3211 475 3255 ex
497 3192 549 3267 iis,
588 3211 670 3272 quae
699 3192 907 3268 antecedunt,
937 3192 1134 3275 supplendus
1156 3195 1198 3259 sit
1220 3190 1334 3277 (πόλις

194 3295 252 3386 τὴν
275 3291 409 3376 δύναμιν
430 3288 572 3378 φαίνοιτ’
593 3284 632 3356 δν
653 3287 888 3378 ὑποδεεστέρα)
912 3294 1048 3376 ideoque
1070 3295 1201 3361 verbum
1216 3291 1332 3382 φαίνε-

194 3404 281 3468 σθαι
302 3399 345 3464 ad
360 3397 521 3462 notionem
544 3391 679 3475 δύναμις
701 3399 871 3478 pertineat.
916 3397 962 3462 Ut
977 3404 1085 3461 autem
1106 3399 1169 3482 adj.
1193 3392 1333 3464 δποδεε-

196 3501 296 3585 στέρα
323 3501 366 3566 ad
394 3493 527 3579 δύναμις
563 3497 753 3575 referamus,
784 3500 882 3564 totius
908 3500 969 3564 loci
999 3506 1150 3565 contextu
1180 3501 1334 3566 admone·
1445 3545 1446 3576 1

196 3586 278 3671 mur.
321 3602 419 3668 Thuc.
443 3602 527 3666 euim
549 3601 767 3666 demonstrare
789 3602 915 3680 studet,
942 3623 982 3668 ex
1005 3602 1183 3668 deletarum
1204 3603 1331 3669 urbium
1445 3597 1446 3680 ζ

197 3708 339 3790 reliquiis
361 3725 471 3769 earum
499 3724 575 3788 opes
605 3725 669 3768 non
692 3726 784 3788 posse
806 3706 884 3770 satis
907 3713 993 3770 certo
1024 3707 1170 3789 cognosci
1192 3704 1334 3792 (πολλὴν
1445 3707 1446 3794 ,

198 3804 227 3876 δ’
248 3801 287 3873 δν
309 3799 401 3889 οἶμαι
422 3799 583 3872 α’πιοτίαν
613 3810 671 3892 τῆς
701 3803 865 3887 δυνάμεως
894 3798 1006 3895 εἶναι);
1040 3809 1201 3874 notionem
1223 3810 1332 3892 igitur,

199 3933 282 3997 quae
303 3917 352 3976 est
373 3904 515 3991 δύναμις,
539 3911 675 3994 logicum
698 3910 792 3992 hujus
815 3912 971 3976 enuntiati
987 3912 1165 3994 subjectum
1187 3931 1256 3976 esse
1277 3932 1334 3994 ap-

198 4019 300 4100 paret.
344 4011 496 4076 Similiter
524 4016 557 4077 in
586 4014 761 4090 enuntiato,
792 4015 877 4096 quod
900 4016 1061 4096 sequitur,
1087 4009 1274 4099 Ἀθηναίων
1296 4010 1334 4078 δὲ

198 4114 238 4182 τὸ
260 4109 338 4181 oded
362 4109 540 4178 παθόντων
560 4111 739 4179 διπλασίαν
766 4108 805 4180 δν
832 4113 889 4204 την
913 4113 1046 4198 δύναμιν
1068 4111 1259 4195 εἰκάζεσθαι
1272 4165 1279 4180 .
1294 4165 1301 4178 .
1314 4165 1332 4195 .,
