2952 4754
674 273 713 336 31

115 479 232 520 νονται
251 449 458 532 ελθόντες(
433 480 477 532 ως
498 450 568 522 άπὸ
591 452 701 543 πάσης
721 460 779 542 τῆς
798 451 952 534 Ἑλλάδος
975 461 1065 545 κοινῇ
1087 479 1143 540 πε
1130 481 1263 540 ιπομε

117 581 172 622 νοι
203 559 238 641 (ιι
241 563 255 621 t
285 578 326 622 ex
358 559 506 624 universa
539 559 676 625 Graecia
708 561 882 624 communit
883 581 918 624 cr
940 561 1117 644 missi).—
1151 561 1264 639 68,4;

117 651 391 734 διδασκαλίας”
369 683 408 722 αν
442 655 487 736 ὥς
517 654 575 724 οόκ
609 655 714 725 εἰδόσι
746 660 910 744 προσέδει.
953 661 993 726 Π.
1016 662 1046 740 3,
1071 663 1187 727 1:51⁰
1176 657 1264 738 ‘cta

116 768 186 830 τῶν
210 764 355 829 δυνατῶν
383 763 438 844 (cf.
461 762 560 828 Olass.
589 762 685 826 adh.
707 761 755 846 l..)
797 761 842 827 IV
878 765 927 840 17,
951 765 985 828 9.
1007 762 1123 845 λάβετε
1145 686 1206 828 (iic
1203 761 1264 828 αό-

116 863 198 942 τούς
219 862 264 952 μὴ
288 859 456 945 πολεμίως
470 859 593 950 μηδΗ
568 887 649 940 ωςα
628 857 774 945 άξόνετοι
789 861 1028 946 διδασκόμενοι.
1073 864 1125 929 VI.
1142 866 1191 943 70,
1211 865 1264 929 18:

116 963 163 1044 ὥς
186 964 223 1031 ἐκ
245 971 310 1030 τῶν
332 961 513 1049 παρόντων.
573 967 639 1032 VH.
663 967 722 1043 70,
746 968 782 1031 2:
820 962 865 1043 ὡς
896 965 932 1030 ἐκ
959 970 1025 1030 τῶν
1051 960 1264 1049 ὑπαρχόντων

117 1070 169 1134 Of.
192 1070 216 1133 1.
241 1069 291 1145 84,
314 1070 365 1132 22.
408 1067 461 1132 VI.
484 1069 534 1146 80,
558 1069 587 1132 6.

646 1320 666 1396 ς
690 1316 738 1380 ιο.

309 1439 354 1498 De
375 1437 534 1515 particula
556 1427 595 1496 όν
617 1456 686 1499 eum
706 1439 876 1517 participio
899 1440 1069 1520 conjuncta.

209 1589 372 1654 Particula
393 1582 448 1667 άν,
472 1608 555 1671 quae
577 1588 664 1654 haud
680 1609 755 1653 raro
770 1593 950 1672 praesentis
973 1597 1006 1655 et
1028 1593 1138 1660 scvisti
1161 1593 1263 1674 parti-

121 1694 204 1775 cipio
228 1698 262 1756 et
284 1692 454 1773 conjuncto
478 1697 510 1756 et
532 1690 679 1756 absoluto
707 1690 902 1775 adjungitur,
940 1687 1087 1771 efficitur,
1121 1700 1159 1757 ut
1180 1694 1264 1775 ejus-

121 1795 208 1858 modi
230 1793 403 1877 participia
424 1794 510 1859 idem
531 1793 661 1858 valeant
682 1795 769 1876 quod
791 1801 849 1859 aut

232 1898 263 1980 1)
286 1896 481 1962 indicativus
503 1895 684 1978 imperfecti
705 1895 756 1960 vel
777 1897 889 1962 coristi
910 1912 984 1974 aut,

229 1997 263 2081 2)
286 1999 449 2081 optativus
481 1999 658 2080 praesentis
690 1998 739 2063 vel
767 1999 878 2064 aoristi

287 2099 402 2165 addita
426 2100 588 2183 particula
609 2093 649 2161 άν
670 2098 861 2183 significant.

208 2202 259 2266 Ad
284 2201 362 2275 1)Ι.
385 2202 435 2279 76,
464 2203 499 2267 3.
534 2198 590 2265 καὶ
621 2225 651 2267 ει
681 2199 756 2267 τότε
782 2197 1018 2284 ὑπομείναντες
1050 2199 1105 2268 διὰ
1138 2199 1265 2281 παντὸς

121 2299 328 2392 άπήχθησθε
350 2299 384 2368 ἐν
404 2307 444 2388 τῇ
466 2297 629 2390 ἡγεμονίᾳ,
652 2294 687 2369 εὖ
701 2297 796 2386 ι’σμεν
817 2302 862 2392 μὴ
877 2297 917 2370 άν
931 2295 1032 2392 ἧσσον
1055 2301 1138 2389 ὑμᾶς
1159 2307 1264 2392 λυπη-

122 2406 196 2492 ροὺς
217 2403 413 2532 γενομένους
438 2408 510 2482 τοῖς
531 2402 710 2487 ξυμμάχοις
737 2430 793 2470 και
814 2400 1124 2490 άναγκασθέντας“
1103 2431 1142 2472 αν
1163 2400 1185 2494 ἢ
1204 2401 1263 2493 άρ-

121 2535 189 2592 χειν
212 2507 372 2592 ἐγκρατῶς
393 2499 413 2592 ἢ
434 2499 551 2585 αὐτοις
571 2505 816 2574 κινδυνεύεινι-
781 2532 873 2576 -ac
894 2513 922 2576 si
943 2511 998 2576 illo
1021 2518 1166 2595 tempore
1180 2531 1264 2576 scm-

122 2633 183 2696 per
204 2611 465 2694 perseverassetis
488 2613 628 2692 atque
620 2634 651 2676 m
685 2613 793 2678 odium
824 2613 991 2678 venissetis
1023 2615 1057 2677 in
1079 2614 1264 2696 principatu

120 2718 205 2782 sicut
226 2735 295 2791 nos,
318 2713 461 2777 futurum
483 2711 583 2777 fuisse
605 2713 693 2779 haud
714 2714 908 2796 ignoramus,
931 2719 1053 2779 utnon
1069 2716 1173 2779 minus
1195 2735 1264 2780 mo-

119 2820 193 2884 lesti
216 2817 328 2883 essetis
358 2815 452 2878 sociis
475 2820 574 2895 atque
596 2817 788 2899 cogeremini
810 2821 868 2880 aut
894 2817 1054 2898 imperare
1076 2835 1184 2882 severa
1206 2822 1265 2881 aut

120 2921 182 3003 ipsi
204 2920 239 2984 in
260 2919 404 3002 periculo
427 2920 547 2983 versari
569 2918 707 3003 (omissis
731 2906 951 2983 vocabulis⁷
916 2940 947 2981 ει
973 2909 1068 2997 ι’σμεν
1091 2917 1264 2983 dicendum

121 3021 251 3098 fuisset3
283 3013 341 3083 οόκ
375 3011 414 3083 άν
446 3008 548 3105 ἧσσον
570 3017 710 3137 λυπηροὶ
740 3017 892 3104 ἐγένεσθε
918 3022 990 3096 τοῖς
1009 3014 1187 3100 ξυμμάχοις
1208 3017 1264 3084 καὶ

119 3118 413 3211 ἠναγκάσθητε..)

207 3225 255 3290 Of
278 3225 302 3288 I.
325 3224 375 3303 73,
398 3228 457 3306 24;
478 3226 534 3302 90,
557 3220 657 3300 3(τὰ
678 3247 738 3306 μεν
760 3247 816 3287 και
838 3217 931 3288 αότοι
922 3215 1089 3308 ἥδιον’
1067 3247 1106 3287 αν
1127 3218 1264 3306 ὁρῶντες

121 3317 1264 3413 :wwmmmfflmfflQm—fflQffim

120 3429 180 3512 μὲν
202 3423 311 3515 εἰρήνῃ
339 3425 395 3494 cuin
418 3422 457 3493 όῖν
480 3425 617 3510 ἐχόντων
640 3426 809 3516 πρόφασιν
835 3461 870 3482 =
900 3423 991 3506 ἒπεὶ,
1024 3422 1053 3491 εἰ
1086 3422 1193 3515 εἰρήνη
1215 3417 1262 3513 ἦν,

121 3525 179 3596 οὐκ
206 3525 246 3596 niv
278 3523 364 3611 εἶχον
395 3526 565 3617 πρόφασιν
599 3535 661 3616 (ita
692 3531 947 3617 Poppc-Stahl.).
978 3569 1017 3580 —
1052 3530 1210 3606 V111.89,
1234 3529 1264 3595 8.

207 3634 257 3697 Ad
275 3635 311 3718 2)
345 3633 442 3710 1804
466 3635 502 3699 5:
547 3629 670 3720 εόροιτε
700 3629 728 3700 δ’
750 3628 789 3699 tv
810 3629 903 3699 τόνδε
930 3628 1007 3715 περὶ
1034 3621 1071 3695 οὗ
1098 3635 1154 3696 νῦν
1184 3636 1264 3714 βοο-

121 3733 278 3814 λεόεσθε,
302 3730 376 3800 cuia
397 3729 446 3800 όν
469 3732 686 3817 ἐλάχιστον
708 3732 942 3819 γενόμενον,
967 3730 996 3797 εἰ
1017 3728 1194 3818 σωφρόνως
1214 3756 1265 3811 τις

122 3835 223 3904 αὐτὸν
246 3831 454 3922 ἑκλογίζοιτο.
482 3857 522 3885 ’-
555 3840 606 3917 90,
632 3838 680 3901 11.
718 3838 758 3900 ΙΙ.
775 3838 825 3912 53,
851 3837 890 3900 15
912 3836 983 3917 (ubi
1004 3834 1182 3898 notandum
1206 3843 1264 3916 est,

121 3943 315 4026 particulam
337 3934 377 4006 όν
399 3941 441 4005 ad
457 3941 664 4023 participium
687 3945 720 4004 et
739 3936 929 4003 infinitivum
951 3936 1137 4020 portinere).
1160 3937 1211 4015 80,
1227 3938 1264 4015 8’;

123 4046 174 4124 87,
197 4045 248 4110 27.
292 4045 347 4121 ΙΙΙ,
370 4044 484 4121 2721
469 4042 575 4119 1367,
598 4042 638 4104 21
663 4040 730 4124 (ubi
754 4045 841 4104 recte
809 4037 989 4104 techree
1011 4034 1247 4122 particulam'‘
1225 4063 1265 4105 αν

121 4148 293 4230 participio
315 4145 499 4211 addendam
528 4164 596 4208 esse
624 4163 695 4223 σου]
688 4144 824 4208 ccit—
847 4140 887 4205 cf.
910 4141 1011 4206 Glass.
1034 4141 1129 4206 adh.
1151 4141 1263 4226 l..-)
