2952 4754
712 261 751 325 10

163 447 302 512 stantive
323 448 411 512 dicta
425 446 559 512 articuli)
582 454 701 524 carent,
724 469 851 514 sensum
866 447 992 512 omnine
1007 448 1187 528 generalem
1202 470 1297 532 prae·

164 548 241 613 bent
262 555 360 631 atque
382 553 408 615 si
430 549 577 628 breviter,
601 550 678 632 quid
701 552 784 614 inter
807 545 978 632 utrumque
999 549 1151 631 loquendi
1166 553 1296 616 modum

163 652 299 730 intersit,
322 654 499 736 exprimere
521 652 721 731 voluerimus,
744 654 899 730 dicemus,
933 654 1138 737 participium
1159 656 1296 723 articulo

100 831 102 838 Ι
163 775 274 819 carens
303 756 491 820 vertendum
520 776 589 820 esse
621 756 763 838 „aliqui“
796 761 853 820 aut
886 755 933 832 „si
956 756 1030 836 qui“
1063 757 1112 820 vel
1134 758 1182 834 „si
1203 761 1295 840 quis“

163 857 286 935 (Lente,
308 858 425 923 welche
447 895 487 906 -—
509 860 605 937 einer,
627 859 793 943 welcher),
821 858 1026 942 participium
1053 879 1127 924 vero
1150 881 1221 925 cum
1243 883 1296 927 ar·

161 959 258 1024 ticulo
275 961 479 1043 conjunctum
502 962 545 1040 „ii
561 961 636 1045 qui“
659 962 709 1026 vel
731 963 779 1039 „is
796 962 871 1043 qui*
895 961 1098 1045 (diejenigen,
1121 963 1238 1029 welche
1254 1001 1294 1012 -

162 1061 228 1140 der,
250 1062 410 1149 welches).

246 1165 458 1232 Conseruntur
479 1167 501 1230 I.
525 1167 556 1245 2,
577 1167 634 1232 23:
677 1160 708 1229 oi
731 1163 867 1250 πολέμῳ
893 1155 914 1250 ἢ
941 1161 1056 1229 στάσει
1077 1161 1296 1244 ἐκπίπτοντες

161 1298 203 1321 =
224 1269 247 1331 ii
269 1271 323 1352 qui
352 1269 436 1334 bello
463 1271 512 1335 vel
544 1270 701 1335 seditione
727 1268 889 1351 fugantur.
913 1305 954 1315 -
981 1268 1005 1332 Ι.
1027 1268 1077 1346 40,
1103 1270 1137 1333 6:
1166 1263 1204 1334 οὗ
1225 1273 1296 1346 τοῖς

162 1365 220 1433 ἐπί
240 1365 347 1458 βλάβῃ
369 1365 485 1456 ἑτέρων
508 1365 621 1438 ἰοῦσιν.
651 1409 692 1419 -
723 1372 746 1435 Ι.
770 1371 821 1446 34,
845 1370 901 1435 1οι
922 1365 939 1435 ὁ
963 1365 1134 1450 ἐλαχίστας
1155 1370 1214 1448 τὰς
1235 1395 1295 1453 με-

160 1469 332 1552 ταμελείας
353 1470 388 1538 ἐκ
409 1477 467 1537 τοῦ
487 1469 679 1556 χαρίζεσθαι
700 1475 771 1550 τοῖς
799 1467 971 1555 πολεμίοις
992 1469 1165 1556 λαμβάνων
1187 1467 1295 1560 άσφα-

160 1572 315 1652 λέοτατος
336 1567 375 1639 lle
396 1571 569 1662 διατελοίη.

243 1678 267 1742 l.
290 1679 341 1758 69,
363 1681 384 1745 5
391 1704 400 1756 ;
423 1680 473 1756 26,
496 1680 525 1756 3,
548 1674 619 1762 (τὸν
639 1672 857 1762 βουλόμενον).

243 1781 266 1845 Ι.
288 1782 338 1860 71,
362 1783 419 1846 11:
462 1775 662 1868 ἡσυχαζούσῃ
695 1779 754 1861 μὲν
789 1777 887 1847 πόλει
925 1779 966 1847 τὰ
999 1775 1135 1867 άκίνητα
1176 1776 1293 1863 νόμινα

159 1876 289 1966 άριστα,
313 1879 399 1965 πρὸς
419 1880 528 1948 πολλὰ
551 1883 587 1950 δὲ
608 1878 877 1967 ἀναγκαζομένοις
900 1878 1119 1968 ίέναιπολλής
1139 1879 1196 1947 καί
1218 1880 1294 1950 ε’πι-

159 1982 337 2073 τεχνήσεως
358 1986 416 2051 δεῖ.
458 1986 482 2050 Ι.
507 1986 557 2064 33,
580 1985 609 2049 2.
651 1987 703 2052 IV.
729 1988 776 2065 17,
803 1986 852 2051 10.
894 1986 930 2050 V.
955 1987 1004 2064 88,
1031 1988 1056 2052 l.

243 2090 266 2154 Ι.
288 2090 338 2169 24,
364 2091 398 2154 1:
441 2085 615 2154 ἐσπλέοντι
637 2128 678 2139 -
702 2090 751 2166 10,
774 2088 831 2152 34:
852 2083 890 2151 τὸ
912 2087 1012 2167 μέσον
1036 2090 1221 2153 σκοποῦντι.

242 2192 266 2258 Ι.
289 2193 339 2270 36,
361 2193 398 2256 4:
419 2187 457 2255 τὸ
479 2193 628 2275 θαρσσῦν
648 2187 692 2276 μὴ
716 2186 897 2270 δεξαμένου.
940 2188 978 2254 ΙΙ.
1000 2189 1052 2267 49,
1079 2189 1126 2252 17.

243 2295 347 2372 Quum
370 2296 467 2380 igitur
500 2295 654 2361 articulus
676 2293 846 2376 participio
870 2290 1068 2356 substantive
1092 2292 1177 2358 dieto
1200 2293 1294 2358 addi-

158 2403 210 2462 tus
232 2397 390 2480 significet
412 2399 455 2476 „ii
478 2397 554 2481 qui“
583 2396 633 2461 vel
655 2396 702 2474 „is
725 2395 810 2476 qui“,
834 2393 928 2480 facile
950 2394 1149 2477 intelligitur,
1173 2397 1293 2462 articu-

158 2499 223 2566 lum
244 2501 348 2583 ipsum
369 2522 434 2566 uon
454 2499 606 2577 indicare,
638 2503 717 2581 quot
738 2517 891 2581 personas
912 2497 1074 2581 participii
1096 2501 1184 2565 notio
1208 2522 1293 2566 cem-

158 2601 334 2686 plectatur;
368 2604 462 2667 immo
493 2602 554 2669 hoe
583 2608 650 2668 toto
672 2602 735 2668 loci
756 2622 851 2667 sensu
870 2599 921 2666 vel
942 2602 987 2666 eis
1009 2602 1181 2682 vocabulis,
1211 2624 1293 2685 quae

157 2705 328 2789 participio
350 2705 503 2789 adjuncta
526 2710 610 2783 sunt,
631 2706 813 2770 accuratius
837 2702 995 2768 definitur.

242 2807 363 2872 Eadem
384 2830 480 2891 porro
514 2809 553 2886 vi,
583 2829 680 2890 quam
703 2809 735 2871 in
758 2804 893 2872 articulo
924 2826 996 2869 cum
1018 2805 1196 2888 participiis
1218 2804 1293 2870 sub-

158 2911 294 2976 stantive
310 2911 403 2975 dietis
425 2911 594 2995 conjuncto
616 2911 719 2975 inesse
739 2910 884 2986 diximus,
909 2907 1056 2985 efficitur,
1080 2914 1117 2971 ut
1138 2907 1294 2990 ejusmodi

158 3013 330 3096 participia
351 3034 445 3097 saepe
478 3033 532 3079 eas
563 3033 714 3097 personas
736 3011 924 3094 significent,
955 3031 1037 3093 quae
1060 3009 1102 3074 ad
1125 3029 1194 3074 eam
1217 3030 1293 3073 cou-

158 3115 319 3192 ditienem,
343 3115 383 3180 de
406 3136 471 3198 qua
485 3136 589 3181 sermo
604 3121 662 3194 est,
683 3116 855 3198 praecipue
871 3115 1034 3197 pertinent
1051 3119 1149 3194 atque
1165 3112 1208 3177 ad
1222 3133 1292 3177 eam

158 3223 255 3301 aptae
277 3217 326 3283 vel
347 3218 544 3284 necessariae
567 3223 651 3296 sunt,
681 3217 716 3281 id
744 3216 831 3298 qued
858 3217 1037 3301 participiis
1059 3215 1169 3292 futuri,
1200 3235 1294 3296 prae-

159 3322 268 3386 sertim
290 3321 317 3386 si
338 3341 358 3384 a
380 3321 483 3387 verbis
506 3319 653 3403 πέμπειν
675 3325 709 3384 et
730 3313 813 3399 ἔχειν
834 3320 987 3402 pendent,
1011 3339 1107 3401 saepe
1129 3317 1293 3400 contingit.

241 3421 313 3487 Huc
335 3422 504 3488 referenda
526 3429 601 3488 sunt
622 3421 796 3506 participia
825 3415 842 3485 ὁ
865 3416 1061 3503 βουλόμενος
1084 3419 1121 3500 (Ι.
1143 3420 1194 3496 26,
1219 3418 1239 3481 3
1262 3425 1295 3485 et

157 3525 235 3591 alibi
252 3525 397 3610 passim),
420 3520 438 3589 ὁ
462 3519 632 3610 παρτοχών
656 3524 693 3601 (I.
708 3525 766 3601 22,
790 3525 824 3588 8:
850 3520 886 3588 ἐκ
901 3527 959 3588 τοῦ
981 3517 1252 3606 παρατυχόντος),
1275 3517 1293 3586 ὁ

158 3624 353 3711 ἐντυγχάνων
377 3627 444 3712 (ΙΙΙ.
461 3628 512 3704 40,
537 3629 593 3705 11;
618 3625 686 3703 132,
713 3624 774 3703 18).
801 3663 836 3674 -
861 3624 913 3690 VI.
928 3625 978 3702 27,
1001 3626 1036 3690 5:
1058 3621 1134 3701 τοός
1156 3620 1295 3708 δράσαν-

157 3754 217 3808 τας
238 3723 309 3818 ᾔδει
331 3723 446 3806 ου’ὁιίς.
469 3767 511 3775 --
533 3725 586 3794 VI.
604 3729 654 3806 60,
676 3729 727 3794 26.
750 3765 791 3775 -—
814 3727 838 3792 Ι.
854 3729 906 3806 73,
932 3730 987 3792 12:
1009 3719 1091 3812 ὄψις
1111 3730 1177 3790 τῶν
1199 3721 1295 3792 άκοο-

158 3831 311 3915 σομένων.
366 3831 406 3896 Π.
429 3831 479 3907 51,
505 3832 559 3897 18:
593 3825 695 3895 οἰκίαι
718 3827 840 3894 πολλαί
861 3825 1069 3916 ἐκενώθησαν
1091 3825 1217 3916 άπορίᾳ
1237 3833 1296 3894 τοῦ

158 3930 432 4019 θεραπεύσοντος.
456 3969 497 3982 -
519 3933 573 3998 ΙΙΙ.
596 3934 646 4011 38,
671 3934 706 3997 7:
733 3928 892 4013 θαυμάζω
915 3929 1027 3997 δὲκαὶ
1049 3927 1140 4009 ὅστις
1162 3927 1293 3997 ἔσταιὸ

157 4033 296 4120 άντερῶν
325 4034 380 4101 καὶ
401 4031 550 4116 άξισίσων
571 4030 827 4122 ἀποφαίνειν...
863 4037 914 4113 42,
939 4038 994 4102 12:
1016 4025 1051 4100 εὖ
1074 4033 1109 4100 δὲ
1131 4029 1295 4116 διαβαλὼν

157 4137 316 4226 ἐκπλῆξαι
347 4131 385 4204 tv
414 4136 491 4218 τούς
516 4162 552 4206 τε
574 4135 796 4224 άντεροῢντας.
811 4134 868 4203 καί
888 4133 964 4214 τοὺς
984 4133 1229 4219 ἀκουσομένους.
1253 4174 1294 4184 -
