2952 4754
391 1347 445 1426 -lle
470 1348 748 1450 participiorum
773 1371 842 1429 usu
868 1295 1107 1451 oinopotlos.

270 1553 419 1632 Quamvis
441 1554 542 1618 multa
564 1573 584 1617 a
606 1553 796 1618 doctissimis
817 1553 998 1618 bominibus
1021 1563 1170 1622 accurate
1192 1564 1226 1622 et
1247 1557 1322 1622 sub-

185 1659 285 1723 tiliter
308 1659 347 1722 de
369 1656 565 1740 Thucydidis
587 1677 683 1740 opere
706 1659 886 1740 conscripta
908 1658 986 1736 siut,
1010 1679 1103 1724 nemo
1125 1667 1242 1739 tamen,
1266 1659 1322 1741 qui

184 1761 372 1844 praecipuos
395 1757 489 1843 hujus
512 1760 677 1842 scriptoris
700 1761 941 1825 commentarios
965 1763 1048 1826 inter
1068 1783 1102 1828 se
1118 1781 1324 1845 comparare-

184 1863 236 1940 rit,
259 1842 427 1946 permulta
442 1883 607 1945 superesse
630 1862 775 1944 negabit,
799 1882 883 1944 quae
905 1850 1075 1931 accuratae
1092 1864 1324 1930 consideratio-

185 1968 234 2030 nis
256 1965 373 2030 iterum
395 1971 494 2048 atque
515 1967 631 2050 iterum
654 1959 834 2045 indigeant,
870 1987 969 2047 quum
1001 1970 1035 2031 in
1056 1968 1224 2051 permultis
1246 1967 1324 2031 locis

184 2067 437 2152 interpretandis
458 2067 602 2133 homines
627 2067 712 2132 docti
735 2087 934 2150 summopere
958 2069 1154 2136 dissentiant.
1198 2069 1244 2136 Ut
1265 2090 1324 2134 au·

184 2176 250 2237 tem
271 2171 436 2254 scriptoris
459 2171 593 2254 alicujus
608 2178 809 2255 operamecte
824 2171 980 2256 possimus
1002 2173 1211 2257 interpretari
1226 2179 1324 2254 atque

184 2275 295 2356 quouis
316 2274 386 2340 loco
409 2273 486 2355 quid
510 2276 645 2340 senserit
661 2275 821 2359 judicare,
853 2276 993 2358 primum
1020 2283 1090 2342 arte
1115 2277 1226 2342 critica
1246 2297 1325 2360 pru-

184 2377 298 2442 denter
320 2376 468 2442 facienda
502 2397 541 2440 ex
573 2376 663 2442 libris
697 2378 922 2461 manuscriptis
957 2398 995 2443 ea
1026 2378 1107 2462 ipsa,
1139 2398 1222 2460 quae
1251 2377 1325 2443 libri

185 2485 296 2544 auctor
318 2477 455 2561 ccripsit,
479 2479 621 2544 eruenda
642 2487 725 2547 sumt.
771 2479 979 2546 Considerate
1003 2482 1134 2560 deinde,
1159 2481 1248 2564 cujus
1269 2479 1324 2544 ille

185 2585 298 2664 gentis,
322 2601 386 2662 quo
410 2579 508 2645 fuerit
529 2589 688 2664 tempore,
719 2603 815 2664 quam
838 2583 976 2667 denique
999 2586 1083 2649 vitae
1110 2583 1325 2649 conditionem

184 2683 343 2760 habuerit,
366 2683 401 2746 in
424 2702 461 2748 eo
484 2703 582 2767 opera
605 2684 774 2766 diligenter
797 2683 984 2750 collocanda
1006 2690 1070 2762 est,
1104 2691 1154 2764 ut,
1186 2707 1269 2769 quae
1290 2686 1325 2750 in

185 2784 354 2850 scribendo
378 2787 515 2850 maxime
544 2786 612 2868 ejus
641 2787 707 2852 sint
727 2789 875 2871 propria,
903 2786 1127 2870 intelligamus.
1171 2787 1264 2866 Quod
1285 2793 1323 2853 ut

184 2889 257 2966 fiat,
291 2894 323 2953 et
355 2888 518 2971 generalia
548 2888 676 2972 linguae
708 2896 884 2974 praecepta
913 2880 1072 2972 quomodo
1106 2897 1261 2973 sequatur
1292 2897 1324 2956 et

185 2991 343 3073 quomodo
366 3011 422 3055 suo
445 2991 573 3057 dicendi
607 3013 665 3057 usu
698 2989 738 3056 ab
772 2991 817 3058 eis
839 2991 982 3070 differat,
1013 2993 1239 3076 inquirendum
1268 2999 1324 3059 est.
1361 3053 1362 3056 ,

186 3091 289 3170 Quum
311 3113 384 3157 vero
407 3093 505 3158 talem
537 3095 814 3175 investigationem
845 3095 1008 3161 difficilem
1040 3103 1073 3163 et
1101 3095 1229 3180 longam
1255 3117 1323 3162 esse
1360 3109 1364 3117 '

184 3216 277 3261 nemo
299 3193 342 3259 sit
362 3195 418 3276 qui
439 3195 577 3273 nesciat,
602 3199 633 3260 in
657 3197 718 3261 hac
738 3198 875 3262 maxime
896 3219 931 3264 re
956 3201 1068 3263 tritum
1089 3197 1172 3263 illud
1193 3219 1324 3281 prover-

184 3300 281 3376 bium,
306 3297 393 3381 quod
415 3304 465 3362 est
487 3298 614 3375 „divide
629 3305 663 3364 et
678 3299 820 3382 impera“
844 3302 1042 3383 sequendum
1063 3307 1160 3382 atque
1184 3302 1231 3366 ita
1251 3302 1325 3366 uni·

184 3402 226 3467 tis
248 3401 421 3466 multorum
442 3399 561 3465 uiribus
583 3400 617 3464 id
640 3403 798 3484 agendum
821 3408 881 3480 est,
913 3408 951 3467 ut
971 3403 1051 3486 plus'
1065 3402 1221 3487 paulatim
1242 3403 1323 3468 lucis
1371 3411 1372 3414 ’

53 3497 56 3504 ’
184 3505 349 3588 scriptoris
370 3503 520 3587 operibus
542 3501 706 3570 afferatur.
749 3506 863 3588 Itaque
893 3526 991 3588 quum
1014 3512 1046 3571 et
1072 3505 1151 3570 mihi
1172 3506 1215 3570 ad
1236 3504 1324 3570 Thu-

185 3606 307 3690 cydidis
328 3605 618 3689 praeclarissimum
649 3629 729 3691 opus
760 3608 942 3675 accuratius
973 3607 1216 3691 intelligendum
1243 3608 1322 3673 utile

186 3714 219 3772 et
240 3707 375 3774 fortasse
406 3709 503 3774 etiam
536 3709 622 3787 aliis,
655 3711 711 3791 qui
743 3710 776 3775 in
809 3711 1052 3794 interpretando
1079 3710 1142 3776 hoc
1168 3711 1324 3794 scriptore

185 3830 315 3893 operam
337 3810 522 3876 collocuturi
544 3818 664 3888 essent,
691 3833 755 3876 non
776 3813 938 3894 ingratum
960 3812 1028 3876 fore
1052 3833 1223 3896 sperarem,
1246 3833 1324 3897 par-

184 3913 366 3997 ticipiorum
394 3934 486 3977 usum
516 3915 696 3979 accuratius
717 3914 914 3997 perlustrare
942 3935 1059 3999 operae
1085 3916 1225 3999 pretium
1254 3935 1323 3982 esse
1438 3979 1440 3983 .

183 4018 284 4082 visum
306 4021 364 4082 est.

267 4119 381 4201 Itaque
405 4116 445 4182 de
467 4118 614 4182 uniuersa
641 4117 885 4202 participiorum
911 4120 941 4183 vi
970 4125 1068 4201 atque
1090 4120 1323 4202 significatione

183 4220 294 4305 paucis
317 4219 500 4304 praemissis
