2952 4754
730 308 770 372 16

179 490 354 576 iuvenitur)
377 492 585 575 significatur,
609 515 672 576 quc
694 454 932 564 modo'factum
953 497 1005 574 sit,
1035 501 1072 560 ut
1093 497 1165 578 quis
1185 496 1316 577 habeat,

181 592 354 676 possideat,
377 599 497 660 teneat.

266 695 313 760 af.
335 695 529 761 Mathiaeum
550 701 570 778 ξ
590 699 663 779 660,
686 700 716 780 b,
741 700 939 784 Kruegerum
961 705 981 782 ξ
1002 702 1053 780 32,
1076 702 1140 766 3a.
1156 701 1186 779 b,
1209 701 1317 766 Kueh-

181 811 293 862 uerum
313 801 333 878 ξ
355 799 427 877 482,
455 801 501 864 11.

716 1046 787 1127 68.

266 1189 301 1272 2)
323 1183 496 1271 τυγχάνειν,
522 1185 729 1268 λανθάννειν,
753 1187 935 1274 φαίνεσθαι
957 1193 1110 1278 (similia).

268 1291 409 1358 Verbum
422 1287 586 1373 τυγχάνειν
608 1293 637 1357 ei
659 1292 766 1371 verbo,
791 1295 880 1378 cujus
895 1297 1098 1380 participium
1120 1294 1180 1360 sibi
1203 1296 1320 1381 adjun-

184 1397 241 1479 git,
264 1395 389 1461 fortuiti
412 1395 573 1459 notionem
596 1393 720 1459 tribuit.

265 1498 361 1575 155,
384 1498 421 1562 9:
458 1491 628 1579 ἔιύγχανον
663 1494 699 1562 δὲ
735 1494 790 1561 καὶ
820 1495 952 1582 (leucium
984 1495 1090 1564 αὐτῶν
1120 1494 1152 1564 ci
1186 1496 1320 1578 πλείους

184 1604 311 1684 πρῶτοι
332 1593 423 1676 ὄντες
443 1601 502 1685 τῆς
524 1595 659 1677 πόλεως.

268 1703 407 1768 Fortuiti
429 1703 517 1766 notio
539 1722 636 1785 saepe
657 1704 690 1766 in
718 1702 780 1767 hac
806 1709 970 1770 structura
995 1704 1076 1770 adeo
1106 1704 1231 1771 subtilis
1260 1709 1318 1781 est,

184 1811 220 1872 ut
242 1807 275 1871 in
296 1805 467 1872 vernacula
488 1805 599 1888 lingue
620 1805 722 1871 solum
744 1807 875 1873 verbum
897 1807 1022 1872 finitum
1043 1828 1209 1891 ponamus.

269 1903 501 1973 λανθάνειν.
545 1906 584 1972 Π.
607 1909 637 1985 2,
660 1910 719 1973 21;
743 1912 822 1996 ῥᾷον
843 1908 966 1975 ἔλαθον
987 1903 1189 1986 ἐσελθόντες.
1242 1909 1320 1975 (lum

185 2012 281 2077 verbo
314 2007 488 2075 λανθάνειν
509 2011 697 2094 plerumque
719 2013 924 2095 participium
953 2013 1062 2076 acuisti
1083 2011 1243 2092 jungitur,
1265 2034 1319 2077 ex-

187 2117 287 2198 ceptis
309 2114 333 2178 Ι.
364 2114 434 2192 141,
463 2115 512 2178 35.
555 2114 610 2178 IV.
638 2115 689 2190 29,
721 2115 772 2177 21.
815 2113 853 2177 V.
883 2115 911 2192 6,
945 2115 993 2176 13.
1036 2113 1104 2176 VII.
1128 2112 1179 2189 48,
1204 2115 1233 2188 6,
1265 2115 1320 2178 ubi

186 2217 390 2301 participium
412 2217 590 2299 praesentis
612 2215 738 2298 legitur.

272 2318 319 2384 Of.
343 2317 439 2383 Glass.
464 2319 506 2382 ad
529 2318 612 2384 VIII.
635 2318 685 2394 91,
712 2315 759 2380 13.

272 2415 496 2508 φαίνεσθαι
513 2427 570 2486 eut
584 2420 789 2504 participium
801 2425 859 2484 aut
873 2417 1063 2484 infinitivum
1079 2418 1140 2484 sibi
1155 2419 1320 2505 adjungit3

187 2524 213 2590 si
235 2523 451 2607 participium,
473 2523 579 2588 velet:
613 2529 759 2606 apparet,
791 2521 903 2600 elucet,
935 2523 962 2588 si
989 2521 1188 2602 infinitivum,
1221 2524 1321 2589 valet:

187 2627 323 2705 videtur,
347 2626 545 2708 (cogitando)
567 2625 766 2708 intelligitur.

271 2728 450 2794 infinitivus
471 2728 632 2792 invenitur
652 2729 739 2810 apud
762 2727 980 2811 Thucydidem
994 2726 1019 2804 Ι,
1044 2728 1125 2803 132,Ι
1136 2726 1186 2790 20.
1228 2724 1268 2789 Π.
1291 2725 1320 2804 3,

191 2829 239 2895 14.
282 2829 319 2909 V,
346 2833 394 2910 14,
416 2829 468 2895 23.
512 2829 632 2906 VlL4,
659 2829 705 2893 18.

272 2932 437 3015 Participii
452 2931 598 3014 exempla
612 2931 754 2996 invenies
774 2929 798 2994 l.
820 2930 850 2994 2.
875 2930 908 3005 1;
930 2928 960 3008 3,
983 2927 1018 3005 3;
1043 2928 1112 3007 113,
1134 2929 1164 2994 4.
1207 2927 1247 3007 ΙΙ,
1272 2929 1322 3009 11,

188 3035 231 3098 40
252 3035 380 3117 aliaque
402 3034 569 3118 permulta.

274 3132 572 3223 διαφαίνεσθαι
600 3138 653 3209 l:
687 3133 895 3214 dilucescere,
922 3136 1111 3220 apparere):
1143 3134 1183 3212 Il,
1211 3135 1262 3212 51,
1292 3135 1322 3200 9.

53 3237 56 3244 “
189 3238 241 3305 VI.
266 3240 315 3318 ll,
337 3241 387 3305 20.

274 3337 392 3427 δῆλός
414 3335 513 3423 ripe:
536 3340 560 3404 Ι.
584 3340 634 3418 71,
658 3339 692 3415 5;
717 3338 788 3416 140,
815 3339 864 3403 13.
907 3339 991 3404 VHI.
1013 3340 1065 3417 59,
1088 3340 1122 3415 4;
1145 3339 1196 3416 92,
1220 3338 1270 3402 69.

274 3438 436 3528 daupida
457 3437 560 3525 εἰμιι
583 3443 622 3506 11.
645 3440 695 3518 64,
717 3441 769 3506 31.
814 3440 870 3506 ΠΙ.
893 3439 944 3520 36,
966 3442 1017 3506 22.

276 3539 448 3632 φανερός
468 3540 573 3626 αἱμα·
596 3543 633 3606 V.
657 3543 706 3621 10,
729 3543 759 3608 4.
803 3541 872 3620 Vll,
898 3543 947 3624 12,
973 3544 1020 3608 16.

276 3643 555 3771 imbibi&
599 3653 606 3736 l
633 3693 717 3780 ειμι·
739 3697 777 3764 v.
802 3698 842 3764 16
876 3698 925 3762 15.

274 3771 493 3835 αντισιοιιρας
599 3739 606 3812 l
844 3747 852 3776 '

277 3851 368 3917 Adn.
411 3851 519 3918 Verba
539 3847 635 3939 δῆλός
656 3858 689 3918 ct
710 3847 847 3939 φανερός
868 3843 936 3933 εἰμι
965 3850 1061 3916 etiam
1083 3851 1284 3916 enuntiatum
1305 3872 1326 3916 a

192 3955 352 4037 particule
372 3949 424 4020 ὅτι
458 3956 615 4039 iucipiens
645 3956 819 4040 adjungere
850 3953 911 4020 sibi
932 3960 1080 4038 possuut3
1115 3973 1219 4036 neque
1251 3973 1324 4017 vero

192 4058 280 4140 apud
302 4058 400 4122 Thuc.
423 4058 606 4143 hujusmodi
628 4059 808 4142 exemplum
829 4059 945 4123 iuveni.
