2952 4754
689 233 730 298 57

129 419 211 482 dum
246 435 316 482 esso
350 424 469 493 censet,
504 419 623 485 rectius
657 427 765 486 autem
795 421 939 486 Stablius
973 423 1016 488 ad
1045 424 1281 492 substantivum

128 514 286 596 ὁπλίτας,
319 539 403 601 quae
434 520 607 602 explicatio
638 528 671 586 et
692 543 819 586 sensum
852 525 931 590 satis
953 532 1067 608 aptum
1090 527 1226 609 praebet
1248 537 1281 594 et

128 621 260 687 facilior
282 627 332 686 est
353 641 450 703 quem
466 621 629 702 Clamauit
654 626 710 705 qui
730 625 970 692 anacoluthiam
985 633 1128 694 statuere
1144 631 1278 713 cogitur.

218 723 363 787 Tertium
384 723 609 790 anacolutlriae
631 746 731 807 genus
753 727 938 792 confusione
962 729 1097 794 duarum
1114 739 1280 799 construo-

127 827 256 890 tionum
280 827 392 890 oritur.

218 927 391 992 Resereudi
413 927 478 992 buo
499 934 576 992 sunt
597 927 658 994 loci
682 931 737 1010 qui
759 937 836 994 sunt
857 931 880 994 I.
903 933 932 1005 2,
961 933 1013 996 18:
1035 929 1093 1018 τὴν
1109 937 1186 1016 γοῦν
1203 930 1279 1000 Ἀτ-

127 1027 225 1114 τικὴν
253 1026 289 1092 ἐκ
317 1033 376 1092 τοῦ
406 1025 466 1092 ε’πί
493 1027 653 1092 πλεῖστον
685 1026 740 1094 διὰ
773 1028 812 1094 τὸ
842 1028 1027 1116 λεπτόγεων
1055 1031 1278 1103 ἀστασίαστον

126 1127 231 1196 οὖσαν
253 1124 412 1212 ἀδρωποι
434 1123 538 1215 ᾤκουν
560 1125 592 1194 οἱ
615 1125 710 1195 αότοὶ
731 1125 793 1196 ἀεὶ.

220 1233 273 1296 IV.
295 1233 344 1308 63,
367 1233 405 1296 2:
429 1228 484 1295 διὰ
505 1228 544 1294 τὸ
565 1225 626 1318 ἤδη
648 1230 809 1317 φοβεροὺς
831 1231 998 1318 παρόντας
1011 1230 1210 1322 Ἀθηναίους
1236 1279 1273 1291 -

129 1337 171 1399 V.
196 1337 225 1412 7,
249 1335 282 1398 l:
304 1329 340 1398 ου’
355 1327 553 1414 βουλόμενος
567 1326 686 1410 adrosis
700 1335 756 1398 διὰ
778 1332 816 1398 τό
839 1333 873 1400 ἕν
893 1341 939 1422 τῷ
961 1332 1049 1423 αὐτῷ
1070 1342 1277 1427 καθημένους

126 1433 341 1520 βαρύνεσθαι.
373 1471 411 1482 ·-
449 1434 503 1498 VI.
528 1437 555 1511 1,
581 1437 636 1500 10:
664 1433 719 1498 καὶ
741 1434 883 1524 τοσαύτη
907 1429 989 1503 οὖσα
1011 1437 1045 1504 ἐν
1066 1435 1171 1509 ε’ίκοσι
1194 1467 1275 1509 στα-

128 1535 209 1604 δίων
230 1534 378 1618 μάλιστα
399 1536 508 1621 μέτρῳ
529 1541 588 1623 τῆς
619 1534 794 1624 θαλάσσης
823 1535 997 1624 διείγρεται
1029 1543 1068 1606 τὸ
1099 1541 1144 1630 μὴ
1177 1539 1275 1632 ἤπει-

125 1663 184 1723 ρος
216 1630 309 1704 οόσα.
353 1678 395 1686 -
439 1639 522 1702 VIII.
547 1639 616 1717 105,
649 1639 682 1701 δι
717 1637 797 1722 πρὶν
826 1637 857 1704 oi
880 1639 1137 1730 Πελσηοννήσιοι
1159 1646 1273 1714 διὰτὸ

125 1737 347 1828 κρατήσαντες
377 1735 482 1817 ἀδεῶς
510 1735 604 1805 ἀλλον
632 1732 732 1827 ἀλλην
762 1746 840 1818 ναῦς
866 1741 1038 1821 διώκοντες
1059 1740 1194 1831 ἤρξαντο
1215 1751 1274 1830 μέ-

125 1869 174 1930 ρει
203 1841 269 1909 τινὶ
298 1847 391 1928 σφῶν
422 1837 633 1924 ἀτακτότεροι
661 1840 818 1925 γενέσθαι
847 1845 917 1927 (ubi
948 1847 1125 1913 deteriores
1147 1857 1273 1916 tantum

126 1948 252 2012 codices
276 1941 406 2010 διώκειν
428 1945 609 2028 praebent).

210 2049 351 2113 Facilius
374 2047 454 2110 illud
477 2046 606 2126 quidem
629 2053 687 2125 est,
712 2047 927 2129 corruptelam
950 2054 1109 2128 statuere3
1132 2054 1188 2117 sed
1210 2054 1272 2141 boc

124 2152 218 2216 modo
251 2151 355 2215 nodus
385 2148 565 2212 dissecatur
598 2151 700 2231 magis
723 2171 821 2231 quam
850 2149 992 2214 solvitur.
1039 2151 1199 2234 Equidem
1220 2160 1271 2220 vix

122 2253 279 2328 adducor,
304 2257 341 2316 ut
365 2250 504 2324 credam,
535 2270 645 2314 omnes
670 2251 727 2315 hos
750 2251 836 2316 locos
859 2249 1013 2316 ascribis
1041 2255 1158 2319 misero
1190 2278 1270 2338 quo·

123 2357 201 2421 dam
224 2376 300 2420 casu
323 2373 391 2418 esse
414 2352 527 2416 eodem
549 2353 644 2417 modo
668 2359 845 2435 corruptos,
871 2354 965 2418 immo
987 2360 1110 2420 rectam
1133 2357 1271 2424 difficul-

122 2460 203 2521 tatis
226 2457 320 2537 hujus
341 2455 515 2520 solvendae
538 2455 622 2517 viam
646 2455 713 2537 jam
741 2455 930 2518 scholiastes
964 2456 1041 2518 mihi
1064 2459 1191 2524 videtur
1214 2461 1271 2526 de·

122 2564 329 2632 monstrasse,
361 2579 461 2639 quum
483 2556 525 2620 ad
557 2557 764 2637 participium
794 2545 893 2618 οὖσαν
923 2554 945 2618 Ι.
969 2558 999 2632 2,
1025 2557 1064 2620 18
1087 2560 1269 2626 adnotavit:

122 2655 197 2723 ἀντὶ
228 2663 288 2722 τοῦ
320 2649 412 2735 εἶναι,
447 2679 543 2740 quem
578 2664 706 2721 secutus
736 2664 787 2720 est
812 2657 934 2739 Popp0‚
968 2658 1062 2740 proll.
1092 2681 1167 2742 pag.
1200 2663 1269 2727 150.

122 2763 282 2826 Accurate
317 2760 357 2824 de
391 2759 453 2823 hoc
485 2758 556 2823 loco
588 2757 750 2840 Hauptius
781 2759 948 2840 (opusc3
979 2779 1053 2842 pag.
1077 2761 1154 2846 403)
1188 2763 1269 2830 baec

121 2863 248 2928 scribit:
272 2860 497 2943 „conjungunt
519 2855 555 2922 ἐκ
577 2863 635 2923 τοῦ
658 2855 717 2924 ε’πί
739 2859 906 2939 πλεῖστον,
931 2882 994 2942 quo
1011 2861 1199 2946 confingunt
1218 2867 1268 2930 di·

120 2964 215 3029 cendi
237 2963 395 3028 rationem
417 2981 521 3043 neque
544 2963 697 3044 exemplis
719 2961 890 3045 probatam
918 2983 1024 3044 neque
1053 2986 1112 3046 per
1134 2987 1167 3030 se
1189 2989 1266 3050 pro·

119 3066 269 3142 habilem,
294 3085 391 3145 quam
413 3063 525 3128 volunt
546 3062 728 3146 siguificare
758 3063 800 3128 ab
823 3065 1055 3144 antiquissimis
1078 3066 1153 3132 inde
1182 3075 1267 3133 tem-

117 3167 262 3250 poribus.
317 3165 355 3229 Id
385 3187 458 3230 cum
484 3165 635 3247 jubemur
663 3166 788 3248 pariter
816 3164 937 3230 referre
969 3165 1012 3230 ad
1041 3161 1266 3234 ἀστασίαστον

117 3261 219 3334 οὖσαν
241 3276 340 3350 atque
364 3268 407 3332 ad
430 3261 462 3331 oi
484 3260 579 3330 αότοί
612 3259 663 3331 ἀεὶ
698 3260 810 3351 ᾤκουν,
844 3265 951 3330 facere
984 3266 1142 3348 jubemur,
1178 3272 1265 3353 quod

117 3373 188 3438 fieri
211 3373 333 3453 nequit.
365 3369 546 3452 Simplicius
569 3375 602 3434 et
623 3372 744 3435 rectius
761 3369 919 3453 judicavit
941 3369 1140 3449 scholiastes,
1164 3393 1265 3453 quum

117 3475 162 3539 ad
194 3461 294 3537 οὖσαν
327 3472 500 3554 adscripsit
533 3465 607 3534 ἀντί
634 3475 694 3534 τοῦ
724 3463 816 3535 εἶναι.
867 3470 1024 3535 Nimirum
1059 3473 1140 3539 duas
1163 3473 1263 3540 Tbuo.

117 3576 274 3641 orationis
303 3573 421 3640 formas
451 3572 608 3652 confudit,
643 3574 780 3639 alteram
801 3571 895 3646 hanc,
925 3568 983 3657 τὴν
1012 3576 1088 3655 γοῦν
1111 3567 1264 3661 Ἀττικὴν

117 3674 178 3741 ἐπὶ
199 3676 359 3740 πλεῖστον
381 3671 436 3740 διὰ
458 3672 497 3739 τὸ
525 3671 712 3758 λεπτόγεων
745 3670 967 3739 ἀστασίαστον
989 3664 1098 3754 οὖσαν,
1127 3677 1264 3743 alteram

117 3779 210 3857 hanc,
244 3775 303 3862 τὴν
334 3781 410 3859 γοῦν
427 3769 580 3863 Ἀττικὴν
604 3774 640 3841 ἐκ
661 3779 720 3840 τοῦ
742 3773 801 3841 ἐπὶ
824 3776 981 3840 πλεῖστον
1003 3774 1058 3841 διὰ
1081 3776 1120 3843 ’τὸ
1143 3777 1263 3845 λεπτό-

117 3901 197 3963 γεων
217 3873 441 3942 ἀστασίαστον
462 3870 545 3943 εἶναι
568 3927 575 3942 .
600 3927 606 3942 .
630 3927 637 3943 .
680 3878 801 3944 Eodem
824 3886 930 3943 autem
953 3879 1048 3944 modo
1064 3879 1163 3944 Tbuo.
1186 3903 1262 3964 par-

117 3982 229 4046 tioium
251 3988 285 4046 et
306 3978 497 4044 infinitivum
520 3979 665 4045 confudit
687 3980 724 4044 V.
747 3979 775 4056 7,
799 3981 817 4044 7
846 3986 880 4044 et
903 3979 955 4044 IV.
982 3981 1032 4059 63,
1055 3981 1106 4046 2.“

85 4151 95 4168 ,
201 4083 292 4148 Idem
324 4082 535 4164 judicandum
573 4088 622 4146 est
659 4082 699 4147 de
736 4082 877 4163 reliquis,
916 4103 996 4164 quos
1033 4083 1138 4156 attuli,
1174 4084 1260 4149 locis.
