2952 4754
34 445 35 450 ¹
149 425 281 519 vocilius
305 454 526 533 „erkenneud,
562 455 654 533 dass,
684 457 717 536 in
749 457 807 521 der
833 456 1101 541 Ueberzeugung,
1130 459 1225 525 dass“
1247 482 1289 525 an

149 555 369 639 „rorgebend‚
391 558 487 622 dass“
503 577 546 621 an
563 557 804 636 „vermuthend,
829 559 1006 642 glaubend,
1030 561 1178 626 meinend
1194 562 1289 627 dass“

147 665 318 724 vertamus.
360 659 523 741 Exemplis
545 680 613 723 rem
634 659 839 725 illustremus.

233 760 255 826 I
280 761 309 839 λ,
335 761 388 825 12:
409 755 466 823 καί
486 783 572 837 τινες
592 757 647 824 καὶ
667 757 755 847 τείχη
777 759 1031 846 περιεβάλλοντο
1054 759 1098 839 ὡς
1121 761 1288 830 πλουσιώ-

147 884 236 945 τεροι
257 858 380 925 ἑαυτῶν
395 858 579 944 γιγνόμενοι
594 895 629 916 --
648 870 741 928 erant
762 865 875 942 etiam,
899 866 955 947 qui
976 868 1076 930 muris
1097 887 1131 931 se
1153 868 1289 931 circum-

147 966 278 1042 darent,
309 964 543 1047 intelligentes,
579 965 706 1036 divitias
743 987 816 1032 suas
846 968 947 1049 magis
979 969 1144 1051 magisque
1177 971 1289 1053 augeri

146 1072 238 1150 (apte
262 1067 360 1132 Closs.
394 1067 506 1131 vertit:
537 1068 579 1130 im
608 1067 823 1133 Bewusstsein
858 1069 914 1134 des
944 1069 1154 1134 wachsenden
1177 1069 1288 1135 Wohl-

145 1169 302 1246 staudes).
328 1205 364 1216 -
389 1167 507 1234 Nativa
521 1175 619 1251 atque
635 1171 789 1250 primaria
809 1169 904 1254 hujus
919 1172 981 1236 loci
996 1171 1186 1254 significatio
1208 1172 1289 1238 haec

147 1277 211 1336 est:
256 1271 357 1335 Muris
392 1292 425 1335 se
458 1271 701 1336 circumdabant
731 1278 769 1336 ut
801 1272 929 1338 urbium
957 1273 1080 1338 incolae
1103 1281 1158 1351 (so.
1181 1274 1288 1340 facere

146 1374 278 1458 solent),
303 1394 439 1456 quorum
462 1373 592 1438 divitiae
607 1375 709 1456 magis
725 1374 891 1457 magisque
913 1382 1083 1459 augentur.
1128 1375 1287 1440 Contextu

144 1476 317 1555 indicatur,
352 1496 465 1541 revera
493 1497 601 1540 eorum
633 1475 761 1540 divitias
783 1483 895 1543 euotas
925 1476 1023 1542 fuisse
1046 1483 1146 1559 atque
1167 1479 1215 1543 ita
1237 1499 1284 1554 ea,

143 1599 241 1660 quam
263 1578 417 1643 vertendo
441 1579 667 1660 expressimus,
691 1577 881 1659 significatio
903 1581 1014 1644 oritur.

229 1680 275 1744 cf.
299 1681 323 1743 I.
346 1679 397 1757 24,
423 1680 476 1744 16:
504 1677 695 1761 πέμπουσιν
722 1676 755 1755 ές
782 1677 841 1765 τὴν
864 1678 1029 1765 Κέρκυραν
1056 1678 1213 1763 πρέσβεις
1242 1675 1287 1758 ὥς

143 1778 347 1869 μητρόπολιν
369 1770 469 1845 οὖσαν
491 1781 647 1864 (patriam
668 1803 759 1846 suam
780 1802 850 1848 esse
872 1782 1084 1866 reputantes).

229 1884 255 1948 Ι.
278 1886 330 1962 54,
353 1885 388 1948 3:
411 1877 442 1947 oi
466 1880 526 1964 μέν
549 1878 776 1967 Κορίνθιοι..
804 1888 965 1969 τροπαῖον
989 1883 1128 1970 ἔστησαν
1151 1884 1171 1949 l.
1193 1886 1230 1948 7:
1252 1879 1285 1949 oi

147 1984 183 2050 δέ
200 1988 394 2071 Κερκυραῖοι
408 1986 571 2071 τροπαῖον
585 1978 834 2071 ἀντέστησαν...
858 1982 902 2064 ὥς
924 1982 1132 2073 νενικηκότες.
1154 2025 1195 2034 -
1217 1986 1284 2053 Na·

143 2089 209 2154 tiva
225 2090 400 2164 sententia:
422 2086 602 2171 Tropaeum
617 2095 651 2152 et
663 2090 724 2172 ipsi
739 2094 933 2168 statuerunt,
956 2096 994 2154 ut
1007 2089 1152 2155 homines
1168 2091 1224 2171 qui
1239 2095 1284 2155 vi-

143 2197 263 2255 cerunt.
299 2191 420 2256 Locum
437 2195 562 2255 vertere
579 2211 748 2273 possumus
765 2197 822 2257 aut
843 2192 1080 2275 „intelligentes
1103 2213 1136 2256 se
1151 2193 1284 2258 vicisse“

140 2299 198 2358 aut
212 2299 386 2377 „putantes
402 2314 436 2357 se
450 2293 593 2358 vicisset
630 2292 748 2358 Utrum
760 2293 1009 2377 praeferendum
1025 2296 1076 2371 sit,
1099 2314 1161 2358 non
1179 2294 1283 2377 parti-

141 2395 215 2459 cula
237 2389 291 2474 ιῦς,
326 2397 381 2460 sed
404 2402 558 2462 contextu
580 2396 722 2460 docetur.
772 2397 828 2460 Eis
860 2397 953 2474 enim,
988 2415 1072 2478 quae
1093 2401 1280 2477 sequuntur,

142 2496 243 2560 Thuc.
254 2504 402 2563 accurate
416 2499 556 2582 exponit,
579 2518 660 2580 quas
677 2498 718 2561 ob
729 2517 781 2562 res
796 2497 925 2579 utrique
941 2518 975 2562 se
991 2498 1104 2562 vicisse
1116 2498 1282 2579 J'udicave-

142 2599 226 2676 rint,
249 2599 334 2664 unde
355 2601 562 2684 intelligitur,
586 2599 728 2663 dubitari
751 2601 908 2683 potuisse,
932 2598 1022 2682 cujus
1044 2620 1079 2663 re
1100 2620 1176 2664 vera
1198 2605 1282 2664 esset

140 2701 285 2780 victoria,
308 2702 419 2785 itaque
434 2703 580 2767 hocloco
595 2701 784 2766 vertendum
800 2708 866 2766 est:
888 2706 1071 2784 „putentes
1087 2721 1122 2766 se
1136 2701 1281 2767 vicisset

225 2803 248 2867 Ι.
271 2803 322 2883 20,
348 2806 403 2869 lle
436 2808 494 2868 τοῦ
524 2802 584 2886 μὲν
615 2797 801 2883 α’πέσχοντο
834 2797 879 2881 ὥς
909 2798 1103 2889 προειδότος
1120 2835 1155 2855 =
1186 2802 1281 2868 alteri

140 2907 271 2988 quidem
303 2928 416 2972 manus
448 2928 512 2972 non
543 2907 730 2991 injecerunt,
765 2906 934 2970 certiorem
966 2926 1038 2970 eum
1069 2903 1190 2970 factum
1211 2925 1280 2972 esse

138 3010 346 3091 suspicati.

224 3109 270 3177 cf.
293 3111 349 3176 111.
372 3109 423 3188 26,
449 3110 505 3188 14;
528 3111 579 3187 37,
602 3111 652 3175 21.

223 3212 280 3276 ΠΙ.
308 3213 365 3290 55,
394 3211 430 3276 5:
474 3209 558 3294 πρὸς
585 3205 784 3298 Ἀθηναίους
816 3205 977 3276 ἐκελεύετο
1012 3207 1204 3293 τραπέσθαι
1236 3203 1281 3286 ὥς

136 3311 232 3399 ἐγγυς
252 3307 358 3394 ὄντας,
382 3307 471 3396 ὑμῶν
493 3313 530 3380 δὲ
551 3311 678 3398 μακρὰν
699 3306 926 3377 ἆποικοῢντιον
951 3345 986 3366 --
1010 3311 1220 3377 Athenienses
1242 3317 1280 3376 ut

135 3417 300 3482 adiremus
331 3437 389 3481 nos
424 3417 606 3494 monuistis,
642 3416 757 3498 utqui
779 3436 879 3499 prope
902 3417 1068 3491 adessent,
1102 3434 1202 3496 quum
1223 3430 1280 3478 vos

135 3519 250 3603 procul
271 3518 472 3583 habitaretis.
499 3557 538 3567 -
569 3519 733 3584 Particula
754 3512 798 3595 ὠς
818 3518 880 3584 hoo
900 3518 970 3583 loco
992 3517 1200 3599 subjectiram
1224 3537 1280 3582 ex·

134 3621 250 3705 primit
271 3641 411 3698 oausam,
443 3642 540 3703 quam
562 3620 735 3686 simulandi
756 3641 853 3686 causa
874 3620 1145 3686 Lacedaemonios
1166 3626 1279 3703 protu-

133 3726 212 3790 lisse
234 3744 331 3789 sensu
353 3724 496 3790 docetur.
541 3723 666 3788 Revera
687 3744 764 3788 sane
781 3723 989 3787 Athenienses
1010 3741 1111 3805 prope
1133 3723 1278 3801 aderant,

133 3826 383 3892 Lacedaemonii
411 3825 524 3907 procul
545 3825 698 3901 aberant3
733 3824 790 3889 sed
819 3824 859 3889 de
886 3825 933 3888 rei
955 3824 1091 3889 veritate
1118 3824 1280 3908 particula

135 3924 182 4004 ὥς
214 3927 295 3993 nihil
329 3928 528 4004 declaratum
564 3949 603 3992 ex
637 3933 789 3993 contextu
821 3931 973 4009 apparet,
1010 3925 1278 3990 Lacedaemonios

133 4031 243 4096 falso
267 4030 400 4107 dixisse,
424 4030 486 4094 hac
507 4052 541 4095 se
564 4050 661 4095 causa
683 4034 855 4094 commotos
870 4026 1106 4093 Plataeensium
1128 4027 1278 4110 precibus

132 4133 221 4198 nolle
244 4132 386 4214 obsequi.
431 4132 477 4196 Cf.
500 4131 554 4199 IV.
579 4133 650 4209 114,
674 4133 702 4195 7.
746 4129 815 4195 VH.
839 4131 889 4208 73,
912 4130 963 4194 26.
1008 4128 1092 4194 VIII.
1114 4130 1165 4206 51,
1191 4130 1240 4192 15.

1440 4127 1443 4176 l

1440 4227 1442 4282 l

1436 4295 1441 4392 i
