2952 4754
716 257 737 323 6

243 449 350 530 Atque
373 447 501 530 generis
527 446 659 528 quidam
682 445 928 530 discrepantiam
949 444 1069 509 inveni:

239 551 264 614 I.
289 551 358 627 110,
383 550 438 614 1οι
460 542 663 634 πεντήκοντα
692 544 860 635 τριήρεις
881 540 1027 627 διάδοχοι
1049 543 1236 611 πλέουσαι
1263 543 1297 624 ἐς

157 645 335 735 Αἴγυπτον
356 646 450 732 ἔσχον
463 700 471 716 .
484 700 512 715 ..
535 645 593 714 οὐκ
620 646 829 728 εἰδότες...

220 754 260 819 ΙΙ.
283 755 339 832 91,
361 755 398 820 7:
436 755 509 840 νῆες
534 746 739 834 ἴσχουσαι...
771 747 1048 838 παρεσκευάζοντο
1073 745 1296 834 ἀμυνούμενοι.

157 857 277 924 ibidem
300 857 349 922 16.
372 855 439 921 VII
461 857 512 933 22,
536 854 564 921 8.

243 958 315 1024 Huc
344 959 443 1024 ctiam
471 956 659 1024 referendus
686 966 735 1025 cst
756 960 860 1036 locus,
889 959 946 1040 qui
969 963 1017 1023 cst
1037 955 1121 1021 VIII.
1146 956 1215 1033 102,
1240 957 1297 1020 1οε

159 1057 218 1138 τὰς
240 1059 276 1126 δὲ
297 1062 362 1146 (sc.
384 1063 476 1148 ναῦς)
504 1061 587 1143 μετὰ
615 1065 673 1126 τοῦ
699 1059 871 1144 Μινδάρου
898 1055 967 1143 δίμα
987 1062 1027 1147 τῇ
1049 1055 1092 1144 ἕῳ
1112 1056 1298 1136 κατιδόντες

158 1159 216 1249 τὴν
237 1158 347 1245 δίωξιν
368 1159 470 1242 εὐθὺς
490 1161 683 1248 ποιούμενοι
702 1159 740 1228 οδ
756 1158 924 1250 φθάνουσι
946 1165 1063 1241 πᾶσαι,
1086 1163 1114 1228 si
1136 1183 1207 1227 cum
1229 1162 1298 1227 vul-

157 1272 235 1351 gata
255 1270 364 1333 νιᾶσσι
384 1269 490 1352 legera
513 1271 599 1335 velis.
653 1267 717 1334 Sed
750 1267 904 1334 obscurus
939 1270 988 1332 est
1009 1264 1106 1343 locus,
1138 1266 1298 1347 adquam

158 1369 272 1436 melius
303 1371 527 1454 explicandum
561 1371 732 1438 Hsrbstius
769 1371 904 1454 conjecit
941 1363 1054 1434 δίωσιν
1085 1389 1145 1450 pro
1179 1363 1297 1448 δίωξιν,

159 1493 257 1556 quam
278 1473 493 1557 conjecturam
523 1474 551 1540 si
572 1474 711 1558 probare
742 1473 942 1548 volucrimus,
973 1471 1070 1536 ctiam
1092 1466 1218 1547 πάσαις
1239 1492 1298 1555 pro

159 1577 268 1640 πᾶσαι
295 1575 361 1660 (vel
381 1569 502 1654 ποίους,
535 1578 622 1659 quod
644 1576 818 1642 Vaticanus
839 1576 988 1659 praebat)
1022 1594 1094 1638 cum
1115 1573 1244 1639 Rsiskio
1265 1579 1299 1639 st

160 1677 324 1744 Classenic
345 1677 515 1761 legendum
537 1678 672 1745 videtur.

242 1777 418 1845 Numerum
440 1782 537 1848 ctiam
558 1781 718 1847 interdum
736 1779 882 1860 differre,
904 1781 985 1846 hasc
999 1779 1146 1864 cxcmpla
1168 1780 1299 1844 demon-

159 1886 280 1947 strant:

246 1981 285 2047 Π.
306 1985 357 2062 53,
380 1984 416 2049 4:
439 1969 568 2069 ἐτόλμα
581 2008 693 2062 τις...
716 1980 861 2070 δρῶντες.
886 2022 921 2032 -

244 2083 283 2148 Π.
305 2086 334 2163 3,
357 2087 395 2151 2:
438 2087 576 2171 Λέσβος
596 2082 780 2172 α’ντέστη...
802 2083 1020 2170 βουληθέντες
1041 2078 1139 2167 μὲν.’.
1162 2077 1300 2167 ἀναγκα-

160 2185 297 2263 σθέντες
320 2185 407 2252 δὲ...
438 2228 474 2238 -
504 2188 780 2266 1Π.79,9;106,
806 2189 834 2252 6.
878 2189 915 2253 V.
933 2190 982 2265 10,
1005 2187 1061 2264 473
1085 2187 1134 2264 60,
1151 2188 1202 2251 21.
1246 2185 1299 2249 VI.

158 2289 211 2367 44,
233 2289 270 2366 93
304 2288 422 2367 53,2;
452 2292 591 2370 60,21;
620 2292 675 2369 69,
698 2292 728 2356 9.
776 2289 842 2355 VH.
865 2291 1007 2370 75‚20;
1043 2290 1171 2368 79,14.
1214 2287 1299 2352 vul.

160 2392 284 2469 91,13.
818 2419 821 2428 ·

246 2493 309 2560 Eos
329 2495 429 2573 locos,
454 2495 509 2561 ubi
531 2496 764 2562 substantivum
785 2496 835 2562 vel
849 2516 1025 2580 pronomen
1047 2502 1080 2561 et
1094 2493 1300 2578 participium

162 2616 237 2664 casu
260 2595 422 2676 differunt,
455 2599 541 2666 infra
562 2601 743 2666 accuratius
765 2599 922 2678 tractabo,
954 2598 1010 2665 ubi
1033 2598 1073 2664 dc
1095 2597 1301 2663 anacoluthia

162 2718 265 2782 agam.

247 2800 304 2866 His
326 2801 367 2866 de
382 2801 613 2884 significatione
634 2809 667 2868 et
687 2825 747 2869 usn
761 2802 923 2887 participii
944 2802 979 2864 in
1001 2803 1183 2867 universum
1205 2821 1301 2884 prae·

163 2903 267 2968 missis
288 2908 488 2970 transcamus
506 2905 574 2987 jam
596 2904 639 2969 ad
660 2905 796 2988 primam
823 2904 1050 2988 disputationis
1072 2911 1202 2970 nostrae
1225 2925 1302 2987 par-

164 3009 245 3082 tcm,
269 3027 335 3088 qua
357 3007 397 3072 dc
419 3007 589 3091 participio
611 3006 799 3073 attributivc
822 3008 907 3074 dicto
930 3028 1068 3091 agemus.

421 3334 440 3402 Ι.
486 3334 530 3405 δι
552 3333 718 3421 participio
741 3331 918 3405 attributus
941 3333 1033 3404 dictu.

697 3511 717 3590 s
738 3509 768 3572 4.

251 3625 408 3710 Adjectivi
429 3631 562 3704 natura,
584 3647 681 3708 quam
703 3628 736 3691 in
759 3626 928 3710 participio
949 3626 1053 3692 inesse
1069 3627 1216 3706 diximus,
1238 3630 1306 3714 pri-

167 3751 253 3794 mum
276 3748 314 3792 eo
337 3734 487 3812 apparet,
522 3729 609 3811 quod
636 3729 841 3812 participium
862 3728 1049 3794 attributivc
1083 3728 1205 3795 dictum
1228 3731 1306 3798 sub·

167 3832 307 3897 stantius
328 3831 524 3915 adjungitur.
569 3830 709 3895 Primum
731 3832 831 3914 igitur
853 3831 1026 3910 videamus,
1049 3853 1113 3914 quc
1136 3833 1206 3899 loco
1228 3836 1307 3901 arti-

169 3933 274 3999 culum
297 3932 500 4017 Thucydidcs
533 3934 621 4018 apud
653 3934 859 4018 participium
889 3953 1008 4018 ponera
1029 3934 1146 4014 solcat;
1180 3937 1305 4014 dsindc,

169 4037 299 4120 quando
322 4036 527 4120 participium
548 4036 735 4102 attributivc
757 4038 878 4103 dictum
901 4036 1035 4102 articulo
1065 4058 1174 4104 carcre
1196 4039 1306 4122 possit,

171 4139 451 4206 considerabimus.
