<?xml version="1.0" encoding="UTF-8"?>
<!DOCTYPE html PUBLIC "-//W3C//DTD XHTML 1.0 Transitional//EN"
    "http://www.w3.org/TR/xhtml1/DTD/xhtml1-transitional.dtd">
<html xmlns="http://www.w3.org/1999/xhtml" xml:lang="en" lang="en">
 <head>
  <title>
</title>
<meta http-equiv="Content-Type" content="text/html;charset=utf-8" />
  <meta name='ocr-system' content='tesseract 3.04.00' />
  <meta name='ocr-capabilities' content='ocr_page ocr_carea ocr_par ocr_line ocrx_word'/>
</head>
<body>
  <div class='ocr_page' id='page_1' title='image "./departicipiorum00balkgoog_0012.png"; bbox 0 0 2952 4754; ppageno 0'>
   <div class='ocr_carea' id='block_1_1' title="bbox 713 248 732 314">
    <p class='ocr_par' dir='ltr' id='par_1_1' title="bbox 713 248 732 314">
     <span class='ocr_line' id='line_1_1' title="bbox 713 248 732 314; baseline 0 0"><span class='ocrx_word' id='word_1_1' title='bbox 713 248 732 314; x_wconf 91' lang='lat'><em>8</em></span> 
     </span>
    </p>
   </div>
   <div class='ocr_carea' id='block_1_2' title="bbox 148 434 1285 1051">
    <p class='ocr_par' dir='ltr' id='par_1_2' title="bbox 149 434 1283 604">
     <span class='ocr_line' id='line_1_2' title="bbox 149 434 1283 523; baseline 0.005 -25"><span class='ocrx_word' id='word_1_2' title='bbox 149 439 337 517; x_wconf 85' lang='lat' dir='ltr'>promantur</span> <span class='ocrx_word' id='word_1_3' title='bbox 358 441 455 518; x_wconf 88' lang='lat' dir='ltr'>atque</span> <span class='ocrx_word' id='word_1_4' title='bbox 479 434 661 502; x_wconf 86' lang='lat' dir='ltr'>efferantur.</span> <span class='ocrx_word' id='word_1_5' title='bbox 705 435 868 519; x_wconf 86' lang='lat' dir='ltr'>Ejusmodi</span> <span class='ocrx_word' id='word_1_6' title='bbox 890 437 1036 520; x_wconf 87' lang='lat' dir='ltr'>exempla</span> <span class='ocrx_word' id='word_1_7' title='bbox 1056 438 1144 520; x_wconf 90' lang='lat' dir='ltr'>apud</span> <span class='ocrx_word' id='word_1_8' title='bbox 1158 438 1283 523; x_wconf 84' lang='lat' dir='ltr'>Thucy-</span> 
     </span>
     <span class='ocr_line' id='line_1_3' title="bbox 150 535 595 604; baseline 0.004 -3"><span class='ocrx_word' id='word_1_9' title='bbox 150 535 256 602; x_wconf 91' lang='lat' dir='ltr'>didem</span> <span class='ocrx_word' id='word_1_10' title='bbox 276 537 357 602; x_wconf 88' lang='lat' dir='ltr'>haec</span> <span class='ocrx_word' id='word_1_11' title='bbox 377 538 595 604; x_wconf 88' lang='lat' dir='ltr'>inveniuntur:</span> 
     </span>
    </p>

    <p class='ocr_par' dir='ltr' id='par_1_3' title="bbox 148 652 1285 943">
     <span class='ocr_line' id='line_1_4' title="bbox 234 652 1284 744; baseline 0.004 -23"><span class='ocrx_word' id='word_1_12' title='bbox 234 655 286 721; x_wconf 90' lang='lat' dir='ltr'>IV.</span> <span class='ocrx_word' id='word_1_13' title='bbox 309 657 351 722; x_wconf 91' lang='grc'>20</span> <span class='ocrx_word' id='word_1_14' title='bbox 358 706 367 735; x_wconf 94' lang='grc'>,</span> <span class='ocrx_word' id='word_1_15' title='bbox 391 658 446 723; x_wconf 82' lang='lat'>15:</span> <span class='ocrx_word' id='word_1_16' title='bbox 468 656 524 722; x_wconf 87' lang='grc' dir='ltr'>καὶ</span> <span class='ocrx_word' id='word_1_17' title='bbox 539 655 573 723; x_wconf 79' lang='grc' dir='ltr'>ἐν</span> <span class='ocrx_word' id='word_1_18' title='bbox 587 652 692 744; x_wconf 79' lang='grc' dir='ltr'><strong><em>τοότιμ</em></strong></span> <span class='ocrx_word' id='word_1_19' title='bbox 713 653 754 722; x_wconf 84' lang='grc' dir='ltr'>τὰ</span> <span class='ocrx_word' id='word_1_20' title='bbox 776 653 889 723; x_wconf 76' lang='grc' dir='ltr'><strong><em>ἐνόντα</em></strong></span> <span class='ocrx_word' id='word_1_21' title='bbox 909 653 1021 742; x_wconf 76' lang='grc' dir='ltr'><strong><em>ἀγαθὰ</em></strong></span> <span class='ocrx_word' id='word_1_22' title='bbox 1043 662 1199 725; x_wconf 80' lang='grc' dir='ltr'><strong><em>σκοπεῖτε</em></strong></span> <span class='ocrx_word' id='word_1_23' title='bbox 1222 655 1284 725; x_wconf 81' lang='grc' dir='ltr'><strong><em>ὅσα</em></strong></span> 
     </span>
     <span class='ocr_line' id='line_1_5' title="bbox 148 749 1285 848; baseline 0.004 -24"><span class='ocrx_word' id='word_1_24' title='bbox 148 752 236 836; x_wconf 80' lang='grc' dir='ltr'><strong><em>εἰκὸς</em></strong></span> <span class='ocrx_word' id='word_1_25' title='bbox 256 750 348 824; x_wconf 83' lang='grc' dir='ltr'><strong><em>εἶναι.</em></strong></span> <span class='ocrx_word' id='word_1_26' title='bbox 370 799 411 808; x_wconf 91' lang='grc'>-</span> <span class='ocrx_word' id='word_1_27' title='bbox 432 763 490 838; x_wconf 85' lang='grc'>43,</span> <span class='ocrx_word' id='word_1_28' title='bbox 513 763 550 826; x_wconf 75' lang='grc' dir='ltr'>2ε</span> <span class='ocrx_word' id='word_1_29' title='bbox 580 756 638 825; x_wconf 90' lang='lat' dir='ltr'>do‘o</span> <span class='ocrx_word' id='word_1_30' title='bbox 659 756 718 844; x_wconf 84' lang='grc' dir='ltr'>γὰρ</span> <span class='ocrx_word' id='word_1_31' title='bbox 740 749 821 848; x_wconf 75' lang='grc' dir='ltr'><strong><em>ἦσαν</em></strong></span> <span class='ocrx_word' id='word_1_32' title='bbox 842 757 875 826; x_wconf 78' lang='grc' dir='ltr'>ἐν</span> <span class='ocrx_word' id='word_1_33' title='bbox 897 765 936 848; x_wconf 78' lang='grc' dir='ltr'>τῇ</span> <span class='ocrx_word' id='word_1_34' title='bbox 956 756 1042 848; x_wconf 75' lang='grc' dir='ltr'>μάχῃ</span> <span class='ocrx_word' id='word_1_35' title='bbox 1056 756 1096 826; x_wconf 80' lang='grc' dir='ltr'>οὶ</span> <span class='ocrx_word' id='word_1_36' title='bbox 1118 758 1285 848; x_wconf 78' lang='grc' dir='ltr'><strong><em>παρόντες.</em></strong></span> 
     </span>
     <span class='ocr_line' id='line_1_6' title="bbox 148 861 851 943; baseline 0 -16"><span class='ocrx_word' id='word_1_37' title='bbox 148 862 200 941; x_wconf 87' lang='grc'>59,</span> <span class='ocrx_word' id='word_1_38' title='bbox 222 863 252 929; x_wconf 90' lang='grc'>3.</span> <span class='ocrx_word' id='word_1_39' title='bbox 296 861 330 927; x_wconf 89' lang='lat' dir='ltr'>V.</span> <span class='ocrx_word' id='word_1_40' title='bbox 353 863 404 943; x_wconf 91' lang='grc'>24,</span> <span class='ocrx_word' id='word_1_41' title='bbox 429 865 477 928; x_wconf 91' lang='grc'>12.</span> <span class='ocrx_word' id='word_1_42' title='bbox 501 863 554 928; x_wconf 87' lang='lat' dir='ltr'>VI.</span> <span class='ocrx_word' id='word_1_43' title='bbox 577 862 627 941; x_wconf 97' lang='grc'>64,</span> <span class='ocrx_word' id='word_1_44' title='bbox 649 863 705 940; x_wconf 87' lang='grc'>24;</span> <span class='ocrx_word' id='word_1_45' title='bbox 727 864 777 940; x_wconf 80' lang='grc'>77,</span> <span class='ocrx_word' id='word_1_46' title='bbox 803 864 851 929; x_wconf 90' lang='grc'>19.</span> 
     </span>
    </p>

    <p class='ocr_par' dir='ltr' id='par_1_4' title="bbox 234 963 1285 1051">
     <span class='ocr_line' id='line_1_7' title="bbox 234 963 1285 1051; baseline 0.008 -23"><span class='ocrx_word' id='word_1_47' title='bbox 234 963 323 1030; x_wconf 86' lang='lat' dir='ltr'>Haec</span> <span class='ocrx_word' id='word_1_48' title='bbox 344 964 491 1048; x_wconf 88' lang='lat' dir='ltr'>exempla</span> <span class='ocrx_word' id='word_1_49' title='bbox 512 967 538 1029; x_wconf 91' lang='lat' dir='ltr'>si</span> <span class='ocrx_word' id='word_1_50' title='bbox 558 965 810 1049; x_wconf 73' lang='lat' dir='ltr'>perlustraveris,</span> <span class='ocrx_word' id='word_1_51' title='bbox 835 966 874 1031; x_wconf 92' lang='lat' dir='ltr'>de</span> <span class='ocrx_word' id='word_1_52' title='bbox 894 965 1079 1051; x_wconf 77' lang='lat' dir='ltr'><strong>Thucydide</strong></span> <span class='ocrx_word' id='word_1_53' title='bbox 1101 970 1206 1035; x_wconf 85' lang='lat' dir='ltr'>valere</span> <span class='ocrx_word' id='word_1_54' title='bbox 1228 992 1285 1036; x_wconf 92' lang='lat' dir='ltr'>ne·</span> 
     </span>
    </p>
   </div>
   <div class='ocr_carea' id='block_1_3' title="bbox 148 1066 1284 1254">
    <p class='ocr_par' dir='ltr' id='par_1_5' title="bbox 148 1066 1284 1254">
     <span class='ocr_line' id='line_1_8' title="bbox 149 1066 1284 1151; baseline 0.006 -19"><span class='ocrx_word' id='word_1_55' title='bbox 149 1066 247 1150; x_wconf 82' lang='lat' dir='ltr'>gabis,</span> <span class='ocrx_word' id='word_1_56' title='bbox 280 1067 367 1149; x_wconf 89' lang='lat' dir='ltr'>quod</span> <span class='ocrx_word' id='word_1_57' title='bbox 389 1066 578 1134; x_wconf 86' lang='lat' dir='ltr'>Kuehnorus</span> <span class='ocrx_word' id='word_1_58' title='bbox 605 1089 652 1151; x_wconf 77' lang='lat' dir='ltr'>gr,</span> <span class='ocrx_word' id='word_1_59' title='bbox 668 1088 715 1151; x_wconf 82' lang='lat' dir='ltr'>gr.</span> <span class='ocrx_word' id='word_1_60' title='bbox 737 1073 758 1151; x_wconf 64' lang='grc' dir='ltr'><strong><em>ξ</em></strong></span> <span class='ocrx_word' id='word_1_61' title='bbox 778 1067 900 1148; x_wconf 88' lang='grc'>464,2</span> <span class='ocrx_word' id='word_1_62' title='bbox 935 1069 1042 1150; x_wconf 86' lang='lat' dir='ltr'>docet,</span> <span class='ocrx_word' id='word_1_63' title='bbox 1077 1072 1161 1138; x_wconf 90' lang='lat' dir='ltr'>hauc</span> <span class='ocrx_word' id='word_1_64' title='bbox 1188 1073 1284 1139; x_wconf 88' lang='lat' dir='ltr'>collo-</span> 
     </span>
     <span class='ocr_line' id='line_1_9' title="bbox 148 1169 986 1254; baseline 0.002 -19"><span class='ocrx_word' id='word_1_65' title='bbox 148 1171 304 1236; x_wconf 89' lang='lat' dir='ltr'>rationem</span> <span class='ocrx_word' id='word_1_66' title='bbox 327 1169 490 1234; x_wconf 87' lang='lat' dir='ltr'>interdum</span> <span class='ocrx_word' id='word_1_67' title='bbox 512 1191 552 1234; x_wconf 85' lang='lat' dir='ltr'>ex</span> <span class='ocrx_word' id='word_1_68' title='bbox 574 1192 662 1237; x_wconf 87' lang='lat' dir='ltr'>mera</span> <span class='ocrx_word' id='word_1_69' title='bbox 682 1171 879 1254; x_wconf 82' lang='lat' dir='ltr'>negligentia</span> <span class='ocrx_word' id='word_1_70' title='bbox 901 1174 986 1238; x_wconf 90' lang='lat' dir='ltr'>oriri.</span> 
     </span>
    </p>
   </div>
   <div class='ocr_carea' id='block_1_4' title="bbox 147 1305 1287 1904">
    <p class='ocr_par' dir='ltr' id='par_1_6' title="bbox 147 1305 1287 1904">
     <span class='ocr_line' id='line_1_10' title="bbox 234 1305 1287 1399; baseline 0.007 -27"><span class='ocrx_word' id='word_1_71' title='bbox 234 1305 358 1392; x_wconf 84' lang='lat' dir='ltr'>3)an</span> <span class='ocrx_word' id='word_1_72' title='bbox 386 1307 485 1389; x_wconf 82' lang='lat' dir='ltr'>igitur</span> <span class='ocrx_word' id='word_1_73' title='bbox 518 1307 612 1373; x_wconf 90' lang='lat' dir='ltr'>modo</span> <span class='ocrx_word' id='word_1_74' title='bbox 641 1308 740 1399; x_wconf 73' lang='lat' dir='ltr'>Thuc.</span> <span class='ocrx_word' id='word_1_75' title='bbox 768 1309 938 1374; x_wconf 88' lang='lat' dir='ltr'>articulum</span> <span class='ocrx_word' id='word_1_76' title='bbox 970 1332 1089 1394; x_wconf 90' lang='lat' dir='ltr'>ponere</span> <span class='ocrx_word' id='word_1_77' title='bbox 1120 1313 1210 1392; x_wconf 86' lang='lat' dir='ltr'>solet,</span> <span class='ocrx_word' id='word_1_78' title='bbox 1250 1321 1287 1380; x_wconf 92' lang='lat' dir='ltr'>ut</span> 
     </span>
     <span class='ocr_line' id='line_1_11' title="bbox 148 1409 1286 1499; baseline 0.006 -23"><span class='ocrx_word' id='word_1_79' title='bbox 148 1409 321 1494; x_wconf 88' lang='lat' dir='ltr'>participia</span> <span class='ocrx_word' id='word_1_80' title='bbox 343 1409 530 1476; x_wconf 87' lang='lat' dir='ltr'>attributive</span> <span class='ocrx_word' id='word_1_81' title='bbox 560 1431 632 1476; x_wconf 91' lang='lat' dir='ltr'>cum</span> <span class='ocrx_word' id='word_1_82' title='bbox 654 1411 853 1479; x_wconf 90' lang='lat' dir='ltr'>substantivo</span> <span class='ocrx_word' id='word_1_83' title='bbox 871 1413 994 1496; x_wconf 82' lang='lat' dir='ltr'>jungat.</span> <span class='ocrx_word' id='word_1_84' title='bbox 1041 1413 1161 1492; x_wconf 82' lang='lat' dir='ltr'><strong>Quodsi</strong></span> <span class='ocrx_word' id='word_1_85' title='bbox 1184 1417 1286 1499; x_wconf 88' lang='lat' dir='ltr'>parti·</span> 
     </span>
     <span class='ocr_line' id='line_1_12' title="bbox 149 1512 1286 1597; baseline 0.007 -20"><span class='ocrx_word' id='word_1_86' title='bbox 149 1512 267 1595; x_wconf 89' lang='lat' dir='ltr'>cipium</span> <span class='ocrx_word' id='word_1_87' title='bbox 282 1551 322 1558; x_wconf 93' lang='lat'><em>-</em></span> <span class='ocrx_word' id='word_1_88' title='bbox 337 1512 372 1576; x_wconf 93' lang='lat' dir='ltr'>id</span> <span class='ocrx_word' id='word_1_89' title='bbox 387 1512 472 1594; x_wconf 92' lang='lat' dir='ltr'>quod</span> <span class='ocrx_word' id='word_1_90' title='bbox 489 1533 583 1597; x_wconf 81' lang='lat' dir='ltr'>saepe</span> <span class='ocrx_word' id='word_1_91' title='bbox 602 1515 814 1597; x_wconf 84' lang='lat' dir='ltr'>contingit-</span> <span class='ocrx_word' id='word_1_92' title='bbox 837 1520 895 1579; x_wconf 87' lang='lat' dir='ltr'>aut</span> <span class='ocrx_word' id='word_1_93' title='bbox 910 1516 1081 1580; x_wconf 87' lang='lat' dir='ltr'>articulum</span> <span class='ocrx_word' id='word_1_94' title='bbox 1095 1519 1286 1586; x_wconf 81' lang='lat' dir='ltr'>substantivi</span> 
     </span>
     <span class='ocr_line' id='line_1_13' title="bbox 148 1615 1284 1705; baseline 0.007 -25"><span class='ocrx_word' id='word_1_95' title='bbox 148 1616 315 1699; x_wconf 86' lang='lat' dir='ltr'>praecedit</span> <span class='ocrx_word' id='word_1_96' title='bbox 346 1621 404 1681; x_wconf 89' lang='lat' dir='ltr'>aut</span> <span class='ocrx_word' id='word_1_97' title='bbox 436 1615 670 1682; x_wconf 87' lang='lat' dir='ltr'>substantivum</span> <span class='ocrx_word' id='word_1_98' title='bbox 698 1638 760 1681; x_wconf 92' lang='lat' dir='ltr'>non</span> <span class='ocrx_word' id='word_1_99' title='bbox 794 1617 932 1700; x_wconf 88' lang='lat' dir='ltr'>repetito</span> <span class='ocrx_word' id='word_1_100' title='bbox 963 1620 1098 1686; x_wconf 89' lang='lat' dir='ltr'>articulo</span> <span class='ocrx_word' id='word_1_101' title='bbox 1131 1623 1284 1705; x_wconf 90' lang='lat' dir='ltr'>sequitur,</span> 
     </span>
     <span class='ocr_line' id='line_1_14' title="bbox 148 1718 1286 1803; baseline 0.01 -21"><span class='ocrx_word' id='word_1_102' title='bbox 148 1718 365 1801; x_wconf 84' lang='lat' dir='ltr'>praedicativo</span> <span class='ocrx_word' id='word_1_103' title='bbox 387 1720 609 1803; x_wconf 88' lang='lat' dir='ltr'>accipiendum</span> <span class='ocrx_word' id='word_1_104' title='bbox 631 1724 688 1796; x_wconf 90' lang='lat' dir='ltr'>est,</span> <span class='ocrx_word' id='word_1_105' title='bbox 711 1720 759 1783; x_wconf 91' lang='lat' dir='ltr'>ita</span> <span class='ocrx_word' id='word_1_106' title='bbox 779 1725 816 1784; x_wconf 92' lang='lat' dir='ltr'>ut</span> <span class='ocrx_word' id='word_1_107' title='bbox 838 1720 997 1786; x_wconf 87' lang='lat' dir='ltr'>enuntiati</span> <span class='ocrx_word' id='word_1_108' title='bbox 1012 1724 1194 1790; x_wconf 90' lang='lat' dir='ltr'>secundarii</span> <span class='ocrx_word' id='word_1_109' title='bbox 1215 1725 1286 1793; x_wconf 92' lang='lat' dir='ltr'>loco</span> 
     </span>
     <span class='ocr_line' id='line_1_15' title="bbox 147 1821 556 1904; baseline 0.002 -19"><span class='ocrx_word' id='word_1_110' title='bbox 147 1821 288 1904; x_wconf 84' lang='lat' dir='ltr'>positum</span> <span class='ocrx_word' id='word_1_111' title='bbox 310 1842 378 1887; x_wconf 88' lang='lat' dir='ltr'>esso</span> <span class='ocrx_word' id='word_1_112' title='bbox 399 1822 556 1888; x_wconf 89' lang='lat' dir='ltr'>videatur.</span> 
     </span>
    </p>
   </div>
   <div class='ocr_carea' id='block_1_5' title="bbox 146 1951 1289 3805">
    <p class='ocr_par' dir='ltr' id='par_1_7' title="bbox 146 1951 1287 2554">
     <span class='ocr_line' id='line_1_16' title="bbox 233 1951 1287 2044; baseline 0.005 -22"><span class='ocrx_word' id='word_1_113' title='bbox 233 1958 256 2022; x_wconf 91' lang='lat'>1.</span> <span class='ocrx_word' id='word_1_114' title='bbox 277 1960 379 2038; x_wconf 77' lang='grc'>2,16;</span> <span class='ocrx_word' id='word_1_115' title='bbox 410 1951 444 2022; x_wconf 81' lang='grc' dir='ltr'>αἱ</span> <span class='ocrx_word' id='word_1_116' title='bbox 460 1958 612 2041; x_wconf 82' lang='grc' dir='ltr'><strong><em>δυνάμεις</em></strong></span> <span class='ocrx_word' id='word_1_117' title='bbox 631 1956 701 2026; x_wconf 83' lang='grc' dir='ltr'><strong><em>τισὶ</em></strong></span> <span class='ocrx_word' id='word_1_118' title='bbox 723 1957 942 2044; x_wconf 72' lang='grc' dir='ltr'><strong><em>ἐγγιγνόμεναι</em></strong></span> <span class='ocrx_word' id='word_1_119' title='bbox 964 1957 1097 2041; x_wconf 82' lang='grc' dir='ltr'><strong><em>στάσεις</em></strong></span> <span class='ocrx_word' id='word_1_120' title='bbox 1119 1957 1287 2028; x_wconf 81' lang='grc' dir='ltr'><strong><em>ἐνεποίεον</em></strong></span> 
     </span>
     <span class='ocr_line' id='line_1_17' title="bbox 152 2061 1282 2151; baseline 0.004 -25"><span class='ocrx_word' id='word_1_121' title='bbox 152 2088 187 2116; x_wconf 95' lang='lat'>=</span> <span class='ocrx_word' id='word_1_122' title='bbox 212 2061 377 2142; x_wconf 89' lang='lat' dir='ltr'>potentiae</span> <span class='ocrx_word' id='word_1_123' title='bbox 400 2083 498 2144; x_wconf 89' lang='lat' dir='ltr'>quum</span> <span class='ocrx_word' id='word_1_124' title='bbox 514 2063 683 2127; x_wconf 87' lang='lat' dir='ltr'>orirentur.</span> <span class='ocrx_word' id='word_1_125' title='bbox 727 2064 777 2141; x_wconf 87' lang='lat'>30,</span> <span class='ocrx_word' id='word_1_126' title='bbox 801 2065 857 2128; x_wconf 80' lang='lat'>13:</span> <span class='ocrx_word' id='word_1_127' title='bbox 880 2061 1041 2149; x_wconf 79' lang='grc' dir='ltr'><strong><em>περιιόντι</em></strong></span> <span class='ocrx_word' id='word_1_128' title='bbox 1062 2068 1108 2151; x_wconf 81' lang='grc' dir='ltr'>τῷ</span> <span class='ocrx_word' id='word_1_129' title='bbox 1129 2064 1222 2151; x_wconf 86' lang='grc' dir='ltr'><strong><em>θέρει</em></strong></span> <span class='ocrx_word' id='word_1_130' title='bbox 1247 2096 1282 2124; x_wconf 93' lang='lat'>=</span> 
     </span>
     <span class='ocr_line' id='line_1_18' title="bbox 148 2159 1286 2252; baseline 0.003 -23"><span class='ocrx_word' id='word_1_131' title='bbox 148 2170 284 2230; x_wconf 85' lang='lat' dir='ltr'>exeunte</span> <span class='ocrx_word' id='word_1_132' title='bbox 306 2169 438 2230; x_wconf 86' lang='lat' dir='ltr'>aestate.</span> <span class='ocrx_word' id='word_1_133' title='bbox 482 2164 538 2238; x_wconf 82' lang='lat'>36,</span> <span class='ocrx_word' id='word_1_134' title='bbox 566 2163 603 2228; x_wconf 79' lang='lat'>5:</span> <span class='ocrx_word' id='word_1_135' title='bbox 625 2159 664 2226; x_wconf 86' lang='grc' dir='ltr'>τὸ</span> <span class='ocrx_word' id='word_1_136' title='bbox 686 2162 723 2229; x_wconf 81' lang='grc' dir='ltr'>δὲ</span> <span class='ocrx_word' id='word_1_137' title='bbox 746 2167 894 2249; x_wconf 81' lang='grc' dir='ltr'><strong><em>θαρσοῦν</em></strong></span> <span class='ocrx_word' id='word_1_138' title='bbox 915 2164 959 2252; x_wconf 83' lang='grc' dir='ltr'>μὴ</span> <span class='ocrx_word' id='word_1_139' title='bbox 982 2165 1155 2248; x_wconf 83' lang='grc' dir='ltr'><strong><em>δεξαμένου</em></strong></span> <span class='ocrx_word' id='word_1_140' title='bbox 1177 2163 1286 2232; x_wconf 82' lang='grc' dir='ltr'><strong><em>εἰσθε-</em></strong></span> 
     </span>
     <span class='ocr_line' id='line_1_19' title="bbox 146 2257 1287 2354; baseline 0.004 -24"><span class='ocrx_word' id='word_1_141' title='bbox 146 2263 199 2343; x_wconf 76' lang='grc' dir='ltr'>νός</span> <span class='ocrx_word' id='word_1_142' title='bbox 220 2257 256 2330; x_wconf 76' lang='grc' dir='ltr'>όν</span> <span class='ocrx_word' id='word_1_143' title='bbox 278 2261 362 2350; x_wconf 86' lang='grc' dir='ltr'><strong><em>πρὸς</em></strong></span> <span class='ocrx_word' id='word_1_144' title='bbox 391 2261 559 2346; x_wconf 81' lang='grc' dir='ltr'><strong><em>ἰσχύοντας</em></strong></span> <span class='ocrx_word' id='word_1_145' title='bbox 589 2263 666 2343; x_wconf 77' lang='grc' dir='ltr'><strong><em>τοὺς</em></strong></span> <span class='ocrx_word' id='word_1_146' title='bbox 695 2263 831 2350; x_wconf 76' lang='grc' dir='ltr'><strong><em>ἐχθροὺς</em></strong></span> <span class='ocrx_word' id='word_1_147' title='bbox 860 2261 1050 2354; x_wconf 71' lang='grc' dir='ltr'><strong><em>ἀδεέστερον</em></strong></span> <span class='ocrx_word' id='word_1_148' title='bbox 1071 2265 1223 2352; x_wconf 77' lang='grc' dir='ltr'><strong><em>ἐσόμενον</em></strong></span> <span class='ocrx_word' id='word_1_149' title='bbox 1245 2303 1287 2326; x_wconf 79' lang='lat'>=</span> 
     </span>
     <span class='ocr_line' id='line_1_20' title="bbox 146 2369 1285 2454; baseline 0.004 -20"><span class='ocrx_word' id='word_1_150' title='bbox 146 2369 297 2434; x_wconf 88' lang='lat' dir='ltr'>fiduciam</span> <span class='ocrx_word' id='word_1_151' title='bbox 320 2370 397 2454; x_wconf 87' lang='lat' dir='ltr'>ejus,</span> <span class='ocrx_word' id='word_1_152' title='bbox 432 2369 488 2452; x_wconf 92' lang='lat' dir='ltr'>qui</span> <span class='ocrx_word' id='word_1_153' title='bbox 509 2390 573 2433; x_wconf 92' lang='lat' dir='ltr'>non</span> <span class='ocrx_word' id='word_1_154' title='bbox 596 2371 734 2454; x_wconf 87' lang='lat' dir='ltr'>accepit,</span> <span class='ocrx_word' id='word_1_155' title='bbox 768 2371 796 2434; x_wconf 90' lang='lat' dir='ltr'>si</span> <span class='ocrx_word' id='word_1_156' title='bbox 819 2370 932 2438; x_wconf 85' lang='lat' dir='ltr'>debilis</span> <span class='ocrx_word' id='word_1_157' title='bbox 954 2375 1004 2452; x_wconf 90' lang='lat' dir='ltr'>sit,</span> <span class='ocrx_word' id='word_1_158' title='bbox 1036 2378 1148 2438; x_wconf 87' lang='lat' dir='ltr'>contra</span> <span class='ocrx_word' id='word_1_159' title='bbox 1168 2373 1285 2454; x_wconf 86' lang='lat' dir='ltr'>hostes,</span> 
     </span>
     <span class='ocr_line' id='line_1_21' title="bbox 147 2471 1151 2554; baseline 0.001 -16"><span class='ocrx_word' id='word_1_160' title='bbox 147 2473 174 2539; x_wconf 91' lang='lat' dir='ltr'>si</span> <span class='ocrx_word' id='word_1_161' title='bbox 195 2472 278 2537; x_wconf 88' lang='lat' dir='ltr'>firmi</span> <span class='ocrx_word' id='word_1_162' title='bbox 300 2472 374 2549; x_wconf 88' lang='lat' dir='ltr'>sint,</span> <span class='ocrx_word' id='word_1_163' title='bbox 397 2472 501 2537; x_wconf 89' lang='lat' dir='ltr'>minus</span> <span class='ocrx_word' id='word_1_164' title='bbox 524 2471 761 2537; x_wconf 85' lang='lat' dir='ltr'>formidolosam</span> <span class='ocrx_word' id='word_1_165' title='bbox 784 2472 861 2539; x_wconf 86' lang='lat' dir='ltr'>fore.</span> <span class='ocrx_word' id='word_1_166' title='bbox 886 2512 925 2521; x_wconf 95' lang='lat'><strong>—</strong></span> <span class='ocrx_word' id='word_1_167' title='bbox 947 2474 1003 2539; x_wconf 89' lang='lat'>111.</span> <span class='ocrx_word' id='word_1_168' title='bbox 1025 2475 1076 2554; x_wconf 88' lang='grc'>68,</span> <span class='ocrx_word' id='word_1_169' title='bbox 1099 2476 1151 2541; x_wconf 88' lang='grc'>29.</span> 
     </span>
    </p>

    <p class='ocr_par' dir='ltr' id='par_1_8' title="bbox 146 2574 1288 3175">
     <span class='ocr_line' id='line_1_22' title="bbox 231 2574 1287 2663; baseline 0.005 -24"><span class='ocrx_word' id='word_1_170' title='bbox 231 2575 330 2640; x_wconf 85' lang='lat' dir='ltr'>Recte</span> <span class='ocrx_word' id='word_1_171' title='bbox 363 2574 564 2657; x_wconf 83' lang='lat' dir='ltr'>grammatici</span> <span class='ocrx_word' id='word_1_172' title='bbox 596 2576 768 2653; x_wconf 88' lang='lat' dir='ltr'>adnotant,</span> <span class='ocrx_word' id='word_1_173' title='bbox 802 2578 973 2662; x_wconf 86' lang='lat' dir='ltr'>participia</span> <span class='ocrx_word' id='word_1_174' title='bbox 995 2579 1056 2645; x_wconf 90' lang='lat' dir='ltr'>hoo</span> <span class='ocrx_word' id='word_1_175' title='bbox 1076 2578 1170 2643; x_wconf 91' lang='lat' dir='ltr'>modo</span> <span class='ocrx_word' id='word_1_176' title='bbox 1193 2601 1287 2663; x_wconf 88' lang='lat' dir='ltr'>prae-</span> 
     </span>
     <span class='ocr_line' id='line_1_23' title="bbox 148 2678 1287 2765; baseline 0.004 -23"><span class='ocrx_word' id='word_1_177' title='bbox 148 2678 284 2743; x_wconf 88' lang='lat' dir='ltr'>dicative</span> <span class='ocrx_word' id='word_1_178' title='bbox 304 2678 418 2760; x_wconf 91' lang='lat' dir='ltr'>posita,</span> <span class='ocrx_word' id='word_1_179' title='bbox 457 2699 555 2761; x_wconf 89' lang='lat' dir='ltr'>quum</span> <span class='ocrx_word' id='word_1_180' title='bbox 583 2679 655 2762; x_wconf 88' lang='lat' dir='ltr'>ipsa</span> <span class='ocrx_word' id='word_1_181' title='bbox 676 2679 886 2745; x_wconf 78' lang='lat' dir='ltr'>collocatione</span> <span class='ocrx_word' id='word_1_182' title='bbox 909 2682 1009 2765; x_wconf 88' lang='lat' dir='ltr'>magis</span> <span class='ocrx_word' id='word_1_183' title='bbox 1039 2680 1215 2747; x_wconf 88' lang='lat' dir='ltr'>efferantur</span> <span class='ocrx_word' id='word_1_184' title='bbox 1236 2688 1287 2747; x_wconf 91' lang='lat' dir='ltr'>at-</span> 
     </span>
     <span class='ocr_line' id='line_1_24' title="bbox 148 2781 1287 2868; baseline 0.004 -24"><span class='ocrx_word' id='word_1_185' title='bbox 148 2800 210 2862; x_wconf 88' lang='lat' dir='ltr'>qua</span> <span class='ocrx_word' id='word_1_186' title='bbox 232 2785 427 2862; x_wconf 89' lang='lat' dir='ltr'>premantur,</span> <span class='ocrx_word' id='word_1_187' title='bbox 450 2781 722 2847; x_wconf 87' lang='lat' dir='ltr'>substantivorum</span> <span class='ocrx_word' id='word_1_188' title='bbox 751 2781 818 2846; x_wconf 87' lang='lat' dir='ltr'>iere</span> <span class='ocrx_word' id='word_1_189' title='bbox 839 2783 901 2847; x_wconf 89' lang='lat' dir='ltr'>vim</span> <span class='ocrx_word' id='word_1_190' title='bbox 924 2782 1018 2849; x_wconf 87' lang='lat' dir='ltr'>facile</span> <span class='ocrx_word' id='word_1_191' title='bbox 1039 2784 1196 2868; x_wconf 85' lang='lat' dir='ltr'>accipere.</span> <span class='ocrx_word' id='word_1_192' title='bbox 1239 2783 1287 2849; x_wconf 80' lang='lat' dir='ltr'>ef.</span> 
     </span>
     <span class='ocr_line' id='line_1_25' title="bbox 146 2881 1288 2970; baseline 0.004 -24"><span class='ocrx_word' id='word_1_193' title='bbox 146 2881 344 2964; x_wconf 83' lang='lat' dir='ltr'>Kruegerum</span> <span class='ocrx_word' id='word_1_194' title='bbox 368 2881 438 2966; x_wconf 88' lang='lat' dir='ltr'>(Gr.</span> <span class='ocrx_word' id='word_1_195' title='bbox 463 2882 533 2967; x_wconf 87' lang='lat' dir='ltr'>Spr.</span> <span class='ocrx_word' id='word_1_196' title='bbox 557 2884 642 2965; x_wconf 63' lang='lat' dir='ltr'>§bd</span> <span class='ocrx_word' id='word_1_197' title='bbox 669 2885 716 2960; x_wconf 88' lang='lat'>11,</span> <span class='ocrx_word' id='word_1_198' title='bbox 740 2882 784 2966; x_wconf 87' lang='lat'>3),</span> <span class='ocrx_word' id='word_1_199' title='bbox 808 2885 863 2966; x_wconf 88' lang='lat' dir='ltr'>qui</span> <span class='ocrx_word' id='word_1_200' title='bbox 884 2886 954 2968; x_wconf 91' lang='lat' dir='ltr'>ipse</span> <span class='ocrx_word' id='word_1_201' title='bbox 976 2906 1015 2951; x_wconf 88' lang='lat' dir='ltr'>ex</span> <span class='ocrx_word' id='word_1_202' title='bbox 1030 2885 1216 2970; x_wconf 78' lang='lat' dir='ltr'>Thucydide</span> <span class='ocrx_word' id='word_1_203' title='bbox 1238 2885 1288 2952; x_wconf 83' lang='lat' dir='ltr'>af·</span> 
     </span>
     <span class='ocr_line' id='line_1_26' title="bbox 148 2980 1288 3072; baseline 0.004 -24"><span class='ocrx_word' id='word_1_204' title='bbox 148 2985 213 3048; x_wconf 87' lang='lat' dir='ltr'>fert</span> <span class='ocrx_word' id='word_1_205' title='bbox 235 2983 258 3047; x_wconf 90' lang='lat'>1.</span> <span class='ocrx_word' id='word_1_206' title='bbox 281 2986 312 3061; x_wconf 89' lang='grc'>2,</span> <span class='ocrx_word' id='word_1_207' title='bbox 339 2985 378 3048; x_wconf 86' lang='grc'>16</span> <span class='ocrx_word' id='word_1_208' title='bbox 402 2985 512 3069; x_wconf 90' lang='lat' dir='ltr'>(quem</span> <span class='ocrx_word' id='word_1_209' title='bbox 540 2985 644 3051; x_wconf 88' lang='lat' dir='ltr'>locum</span> <span class='ocrx_word' id='word_1_210' title='bbox 667 2980 765 3070; x_wconf 85' lang='lat' dir='ltr'>s&#39;upra</span> <span class='ocrx_word' id='word_1_211' title='bbox 787 2987 896 3072; x_wconf 89' lang='lat' dir='ltr'>attuli)</span> <span class='ocrx_word' id='word_1_212' title='bbox 925 2988 1003 3053; x_wconf 89' lang='lat' dir='ltr'>etl.</span> <span class='ocrx_word' id='word_1_213' title='bbox 1028 2989 1098 3068; x_wconf 88' lang='grc'>100,</span> <span class='ocrx_word' id='word_1_214' title='bbox 1123 2989 1177 3052; x_wconf 80' lang='lat'>17:</span> <span class='ocrx_word' id='word_1_215' title='bbox 1205 2991 1288 3070; x_wconf 87' lang='grc' dir='ltr'><strong><em>(τοῖς</em></strong></span> 
     </span>
     <span class='ocr_line' id='line_1_27' title="bbox 152 3076 1195 3175; baseline 0.004 -23"><span class='ocrx_word' id='word_1_216' title='bbox 152 3085 267 3175; x_wconf 79' lang='grc' dir='ltr'><strong><em>Θρᾳξὶ)</em></strong></span> <span class='ocrx_word' id='word_1_217' title='bbox 290 3087 450 3169; x_wconf 83' lang='grc' dir='ltr'><strong><em>πολέμιον</em></strong></span> <span class='ocrx_word' id='word_1_218' title='bbox 471 3076 509 3174; x_wconf 82' lang='grc' dir='ltr'>ἦν</span> <span class='ocrx_word' id='word_1_219' title='bbox 531 3085 569 3152; x_wconf 88' lang='grc' dir='ltr'>τὸ</span> <span class='ocrx_word' id='word_1_220' title='bbox 589 3083 705 3172; x_wconf 88' lang='grc' dir='ltr'><strong><em>χωρίον</em></strong></span> <span class='ocrx_word' id='word_1_221' title='bbox 727 3083 763 3153; x_wconf 78' lang='grc' dir='ltr'>αὶ</span> <span class='ocrx_word' id='word_1_222' title='bbox 784 3087 885 3154; x_wconf 82' lang='grc' dir='ltr'><strong><em>Εννέα</em></strong></span> <span class='ocrx_word' id='word_1_223' title='bbox 906 3082 979 3153; x_wconf 73' lang='lat' dir='ltr'>odoi</span> <span class='ocrx_word' id='word_1_224' title='bbox 999 3089 1195 3172; x_wconf 87' lang='grc' dir='ltr'><strong><em>κτιζόμενον.</em></strong></span> 
     </span>
    </p>

    <p class='ocr_par' dir='ltr' id='par_1_9' title="bbox 148 3203 1288 3707">
     <span class='ocr_line' id='line_1_28' title="bbox 233 3203 1286 3296; baseline 0.003 -23"><span class='ocrx_word' id='word_1_225' title='bbox 233 3207 445 3274; x_wconf 80' lang='lat' dir='ltr'>Conseruntur</span> <span class='ocrx_word' id='word_1_226' title='bbox 466 3214 635 3290; x_wconf 86' lang='lat' dir='ltr'>praeterea</span> <span class='ocrx_word' id='word_1_227' title='bbox 656 3207 695 3273; x_wconf 90' lang='lat'>11.</span> <span class='ocrx_word' id='word_1_228' title='bbox 720 3208 770 3286; x_wconf 76' lang='lat'>35,</span> <span class='ocrx_word' id='word_1_229' title='bbox 794 3209 829 3274; x_wconf 90' lang='lat'>8:</span> <span class='ocrx_word' id='word_1_230' title='bbox 861 3206 905 3294; x_wconf 80' lang='grc' dir='ltr'>μὴ</span> <span class='ocrx_word' id='word_1_231' title='bbox 928 3205 966 3274; x_wconf 78' lang='grc' dir='ltr'>ἐν</span> <span class='ocrx_word' id='word_1_232' title='bbox 988 3203 1045 3276; x_wconf 76' lang='grc' dir='ltr'>ἑνί</span> <span class='ocrx_word' id='word_1_233' title='bbox 1067 3204 1179 3296; x_wconf 77' lang='grc' dir='ltr'><strong><em>ἀνδρὶ</em></strong></span> <span class='ocrx_word' id='word_1_234' title='bbox 1201 3212 1286 3276; x_wconf 79' lang='grc' dir='ltr'><strong><em>πολ-</em></strong></span> 
     </span>
     <span class='ocr_line' id='line_1_29' title="bbox 149 3300 1288 3396; baseline 0.007 -24"><span class='ocrx_word' id='word_1_235' title='bbox 149 3308 214 3373; x_wconf 82' lang='grc' dir='ltr'>λῶν</span> <span class='ocrx_word' id='word_1_236' title='bbox 244 3303 360 3395; x_wconf 79' lang='grc' dir='ltr'><strong><em>οίρετὰς</em></strong></span> <span class='ocrx_word' id='word_1_237' title='bbox 386 3307 632 3377; x_wconf 64' lang='grc' dir='ltr'><strong><em>κινδυνεύεσθαι</em></strong></span> <span class='ocrx_word' id='word_1_238' title='bbox 661 3300 765 3376; x_wconf 82' lang='grc' dir='ltr'><strong><em>εὖτε</em></strong></span> <span class='ocrx_word' id='word_1_239' title='bbox 792 3308 857 3375; x_wconf 86' lang='grc' dir='ltr'>καὶ</span> <span class='ocrx_word' id='word_1_240' title='bbox 884 3315 1017 3396; x_wconf 88' lang='grc' dir='ltr'><strong><em>χεῖρον</em></strong></span> <span class='ocrx_word' id='word_1_241' title='bbox 1039 3306 1201 3379; x_wconf 75' lang='grc' dir='ltr'><strong><em>εἰπόντι</em></strong></span> <span class='ocrx_word' id='word_1_242' title='bbox 1228 3336 1288 3380; x_wconf 94' lang='grc' dir='ltr'>πι-</span> 
     </span>
     <span class='ocr_line' id='line_1_30' title="bbox 149 3410 1288 3500; baseline 0.006 -24"><span class='ocrx_word' id='word_1_243' title='bbox 149 3414 327 3498; x_wconf 78' lang='grc' dir='ltr'><strong><em>στωθῆναι</em></strong></span> <span class='ocrx_word' id='word_1_244' title='bbox 370 3451 410 3460; x_wconf 91' lang='lat'><em>-</em></span> <span class='ocrx_word' id='word_1_245' title='bbox 454 3411 509 3476; x_wconf 89' lang='lat' dir='ltr'><strong>III.</strong></span> <span class='ocrx_word' id='word_1_246' title='bbox 533 3413 588 3490; x_wconf 88' lang='grc'>20,</span> <span class='ocrx_word' id='word_1_247' title='bbox 612 3414 646 3478; x_wconf 85' lang='lat'>3:</span> <span class='ocrx_word' id='word_1_248' title='bbox 681 3415 728 3498; x_wconf 77' lang='grc' dir='ltr'>τῷ</span> <span class='ocrx_word' id='word_1_249' title='bbox 766 3410 847 3500; x_wconf 82' lang='grc' dir='ltr'><strong><em>σίτῳ</em></strong></span> <span class='ocrx_word' id='word_1_250' title='bbox 883 3410 1075 3480; x_wconf 79' lang='grc' dir='ltr'><strong><em>ἑπιλιπόντι</em></strong></span> <span class='ocrx_word' id='word_1_251' title='bbox 1111 3413 1288 3497; x_wconf 82' lang='grc' dir='ltr'><strong><em>ἐπιέζοντο.</em></strong></span> 
     </span>
     <span class='ocr_line' id='line_1_31' title="bbox 148 3510 1288 3599; baseline 0.005 -19"><span class='ocrx_word' id='word_1_252' title='bbox 148 3514 199 3594; x_wconf 86' lang='grc'>29,</span> <span class='ocrx_word' id='word_1_253' title='bbox 222 3515 252 3580; x_wconf 91' lang='grc'>9.</span> <span class='ocrx_word' id='word_1_254' title='bbox 289 3513 342 3579; x_wconf 91' lang='lat' dir='ltr'>IV.</span> <span class='ocrx_word' id='word_1_255' title='bbox 364 3515 414 3592; x_wconf 88' lang='grc'>29,</span> <span class='ocrx_word' id='word_1_256' title='bbox 439 3516 468 3580; x_wconf 89' lang='grc'>8.</span> <span class='ocrx_word' id='word_1_257' title='bbox 492 3553 533 3562; x_wconf 90' lang='lat'><em>-</em></span> <span class='ocrx_word' id='word_1_258' title='bbox 555 3514 609 3580; x_wconf 89' lang='lat' dir='ltr'>IV.</span> <span class='ocrx_word' id='word_1_259' title='bbox 632 3516 683 3593; x_wconf 85' lang='grc'>47,</span> <span class='ocrx_word' id='word_1_260' title='bbox 706 3517 742 3582; x_wconf 83' lang='lat'>3:</span> <span class='ocrx_word' id='word_1_261' title='bbox 769 3513 979 3599; x_wconf 77' lang='grc' dir='ltr'><strong><em>ξυνελοίβοντο</em></strong></span> <span class='ocrx_word' id='word_1_262' title='bbox 1001 3516 1038 3584; x_wconf 81' lang='grc' dir='ltr'>δὲ</span> <span class='ocrx_word' id='word_1_263' title='bbox 1058 3521 1118 3583; x_wconf 82' lang='grc' dir='ltr'>τοῦ</span> <span class='ocrx_word' id='word_1_264' title='bbox 1139 3510 1288 3586; x_wconf 85' lang='grc' dir='ltr'><strong><em>τοιοότου</em></strong></span> 
     </span>
     <span class='ocr_line' id='line_1_32' title="bbox 149 3611 1267 3707; baseline 0.005 -25"><span class='ocrx_word' id='word_1_265' title='bbox 149 3611 206 3698; x_wconf 83' lang='grc' dir='ltr'>οόχ</span> <span class='ocrx_word' id='word_1_266' title='bbox 227 3612 345 3703; x_wconf 80' lang='grc' dir='ltr'><strong><em>ἥκιστα</em></strong></span> <span class='ocrx_word' id='word_1_267' title='bbox 359 3666 364 3680; x_wconf 95' lang='grc'><strong><em>.</em></strong></span> <span class='ocrx_word' id='word_1_268' title='bbox 378 3667 404 3682; x_wconf 93' lang='grc'>..</span> <span class='ocrx_word' id='word_1_269' title='bbox 432 3612 464 3681; x_wconf 76' lang='grc' dir='ltr'>οἱ</span> <span class='ocrx_word' id='word_1_270' title='bbox 487 3613 661 3705; x_wconf 84' lang='grc' dir='ltr'><strong><em>στρατηγοί</em></strong></span> <span class='ocrx_word' id='word_1_271' title='bbox 681 3621 746 3682; x_wconf 84' lang='grc' dir='ltr'>τῶν</span> <span class='ocrx_word' id='word_1_272' title='bbox 763 3613 949 3706; x_wconf 81' lang='grc' dir='ltr'><strong><em>Ἀθηναίων</em></strong></span> <span class='ocrx_word' id='word_1_273' title='bbox 970 3615 1147 3707; x_wconf 76' lang='grc' dir='ltr'><strong><em>κατάδηλοι</em></strong></span> <span class='ocrx_word' id='word_1_274' title='bbox 1167 3615 1267 3700; x_wconf 79' lang='grc' dir='ltr'><strong><em>όντες.</em></strong></span> 
     </span>
    </p>

    <p class='ocr_par' dir='ltr' id='par_1_10' title="bbox 234 3719 1289 3805">
     <span class='ocr_line' id='line_1_33' title="bbox 234 3719 1289 3805; baseline 0.009 -21"><span class='ocrx_word' id='word_1_275' title='bbox 234 3719 317 3788; x_wconf 88' lang='lat' dir='ltr'>Mira</span> <span class='ocrx_word' id='word_1_276' title='bbox 348 3721 448 3803; x_wconf 83' lang='lat' dir='ltr'>magis</span> <span class='ocrx_word' id='word_1_277' title='bbox 475 3726 551 3786; x_wconf 90' lang='lat' dir='ltr'>sunt</span> <span class='ocrx_word' id='word_1_278' title='bbox 580 3720 661 3786; x_wconf 89' lang='lat' dir='ltr'>haec</span> <span class='ocrx_word' id='word_1_279' title='bbox 682 3721 842 3788; x_wconf 88' lang='lat' dir='ltr'>Pindarici</span> <span class='ocrx_word' id='word_1_280' title='bbox 871 3724 957 3805; x_wconf 89' lang='lat' dir='ltr'>quod</span> <span class='ocrx_word' id='word_1_281' title='bbox 984 3729 1099 3790; x_wconf 90' lang='lat' dir='ltr'>vocant</span> <span class='ocrx_word' id='word_1_282' title='bbox 1119 3725 1289 3794; x_wconf 87' lang='lat' dir='ltr'>schematis</span> 
     </span>
    </p>
   </div>
   <div class='ocr_carea' id='block_1_6' title="bbox 149 3819 1291 4219">
    <p class='ocr_par' dir='ltr' id='par_1_11' title="bbox 149 3819 1291 4219">
     <span class='ocr_line' id='line_1_34' title="bbox 150 3819 1291 3916; baseline 0.004 -28"><span class='ocrx_word' id='word_1_283' title='bbox 150 3822 314 3906; x_wconf 88' lang='lat' dir='ltr'>exempla:</span> <span class='ocrx_word' id='word_1_284' title='bbox 356 3821 410 3886; x_wconf 86' lang='lat' dir='ltr'>HI.</span> <span class='ocrx_word' id='word_1_285' title='bbox 433 3823 485 3900; x_wconf 87' lang='lat'>36,</span> <span class='ocrx_word' id='word_1_286' title='bbox 510 3823 564 3887; x_wconf 87' lang='grc' dir='ltr'>1οι</span> <span class='ocrx_word' id='word_1_287' title='bbox 587 3819 642 3887; x_wconf 81' lang='grc' dir='ltr'>καὶ</span> <span class='ocrx_word' id='word_1_288' title='bbox 664 3819 941 3909; x_wconf 79' lang='grc' dir='ltr'><strong><em>προσξυνεβοίλετο</em></strong></span> <span class='ocrx_word' id='word_1_289' title='bbox 964 3821 1021 3890; x_wconf 79' lang='grc' dir='ltr'>οίκ</span> <span class='ocrx_word' id='word_1_290' title='bbox 1043 3823 1212 3908; x_wconf 80' lang='grc' dir='ltr'><strong><em>ἐλαχιστον</em></strong></span> <span class='ocrx_word' id='word_1_291' title='bbox 1233 3833 1291 3916; x_wconf 80' lang='grc' dir='ltr'>τῆς</span> 
     </span>
     <span class='ocr_line' id='line_1_35' title="bbox 149 3917 1290 4017; baseline 0.005 -29"><span class='ocrx_word' id='word_1_292' title='bbox 149 3917 250 4010; x_wconf 81' lang='grc' dir='ltr'><strong><em>ὁρμῆς</em></strong></span> <span class='ocrx_word' id='word_1_293' title='bbox 272 3917 306 3988; x_wconf 77' lang='grc' dir='ltr'>αἱ</span> <span class='ocrx_word' id='word_1_294' title='bbox 328 3921 605 4012; x_wconf 82' lang='grc' dir='ltr'><strong><em>Πελοποννησίων</em></strong></span> <span class='ocrx_word' id='word_1_295' title='bbox 626 3929 699 4012; x_wconf 82' lang='grc' dir='ltr'><strong><em>νῆες</em></strong></span> <span class='ocrx_word' id='word_1_296' title='bbox 721 3925 754 4004; x_wconf 78' lang='grc' dir='ltr'>ές</span> <span class='ocrx_word' id='word_1_297' title='bbox 773 3920 895 3993; x_wconf 83' lang='grc' dir='ltr'><strong><em>Ἰωνίαν</em></strong></span> <span class='ocrx_word' id='word_1_298' title='bbox 917 3923 1052 4006; x_wconf 76' lang='grc' dir='ltr'><strong><em>ἐκείνοις</em></strong></span> <span class='ocrx_word' id='word_1_299' title='bbox 1072 3928 1195 4017; x_wconf 77' lang='grc' dir='ltr'><strong><em>βοηθοὶ</em></strong></span> <span class='ocrx_word' id='word_1_300' title='bbox 1216 3931 1290 3996; x_wconf 83' lang='grc' dir='ltr'><strong><em>τολ-</em></strong></span> 
     </span>
     <span class='ocr_line' id='line_1_36' title="bbox 150 4021 1289 4120; baseline 0.005 -28"><span class='ocrx_word' id='word_1_301' title='bbox 150 4021 295 4112; x_wconf 85' lang='grc' dir='ltr'><strong><em>μήσασαι</em></strong></span> <span class='ocrx_word' id='word_1_302' title='bbox 318 4028 618 4112; x_wconf 82' lang='grc' dir='ltr'><strong><em>παρσκινόυνεῦσαι.</em></strong></span> <span class='ocrx_word' id='word_1_303' title='bbox 642 4068 682 4076; x_wconf 92' lang='grc'><strong>-</strong></span> <span class='ocrx_word' id='word_1_304' title='bbox 705 4029 758 4095; x_wconf 89' lang='lat' dir='ltr'>lV.</span> <span class='ocrx_word' id='word_1_305' title='bbox 779 4031 830 4111; x_wconf 89' lang='grc'>26,</span> <span class='ocrx_word' id='word_1_306' title='bbox 855 4030 908 4096; x_wconf 82' lang='lat'>14:</span> <span class='ocrx_word' id='word_1_307' title='bbox 929 4023 1035 4096; x_wconf 79' lang='grc' dir='ltr'><strong><em>α’ίτιον</em></strong></span> <span class='ocrx_word' id='word_1_308' title='bbox 1055 4027 1083 4097; x_wconf 86' lang='lat' dir='ltr'>d&#39;</span> <span class='ocrx_word' id='word_1_309' title='bbox 1105 4024 1143 4120; x_wconf 82' lang='grc' dir='ltr'>ἦν</span> <span class='ocrx_word' id='word_1_310' title='bbox 1164 4027 1197 4098; x_wconf 79' lang='grc' dir='ltr'>οἱ</span> <span class='ocrx_word' id='word_1_311' title='bbox 1212 4038 1289 4098; x_wconf 91' lang='grc' dir='ltr'>Λα-</span> 
     </span>
     <span class='ocr_line' id='line_1_37' title="bbox 149 4122 1289 4219; baseline 0.009 -27"><span class='ocrx_word' id='word_1_312' title='bbox 149 4122 349 4210; x_wconf 78' lang='grc' dir='ltr'><strong><em>κεδαιμόνιοι</em></strong></span> <span class='ocrx_word' id='word_1_313' title='bbox 389 4125 665 4218; x_wconf 85' lang='grc' dir='ltr'><strong><em>προειπόντες...</em></strong></span> <span class='ocrx_word' id='word_1_314' title='bbox 698 4129 835 4219; x_wconf 79' lang='grc' dir='ltr'><strong><em>ἐσάγειν.</em></strong></span> <span class='ocrx_word' id='word_1_315' title='bbox 872 4171 912 4182; x_wconf 86' lang='lat'>—-</span> <span class='ocrx_word' id='word_1_316' title='bbox 949 4135 1003 4201; x_wconf 86' lang='lat' dir='ltr'>VI.</span> <span class='ocrx_word' id='word_1_317' title='bbox 1025 4136 1083 4215; x_wconf 90' lang='grc'>46,</span> <span class='ocrx_word' id='word_1_318' title='bbox 1106 4137 1142 4200; x_wconf 81' lang='grc' dir='ltr'>4ι</span> <span class='ocrx_word' id='word_1_319' title='bbox 1172 4132 1229 4201; x_wconf 83' lang='grc' dir='ltr'>καὶ</span> <span class='ocrx_word' id='word_1_320' title='bbox 1247 4132 1289 4202; x_wconf 82' lang='grc' dir='ltr'>οὶ</span> 
     </span>
    </p>
   </div>
   <div class='ocr_carea' id='block_1_7' title="bbox 1462 355 1473 401">
    <p class='ocr_par' dir='ltr' id='par_1_12' title="bbox 1462 355 1473 401">
     <span class='ocr_line' id='line_1_38' title="bbox 1462 355 1473 401; baseline 0 -3"><span class='ocrx_word' id='word_1_321' title='bbox 1462 355 1473 401; x_wconf 71' lang='lat' dir='ltr'>l,</span> 
     </span>
    </p>
   </div>
   <div class='ocr_carea' id='block_1_8' title="bbox 0 0 1480 4754">
    <p class='ocr_par' dir='ltr' id='par_1_13' title="bbox 0 0 1480 4754">
     <span class='ocr_line' id='line_1_39' title="bbox 0 0 1480 4754; baseline 0 0"><span class='ocrx_word' id='word_1_322' title='bbox 0 0 1480 4754; x_wconf 95' lang='lat' dir='ltr'> </span> 
     </span>
    </p>
   </div>
  </div>
 </body>
</html>
