2952 4754
695 279 735 343 12

146 467 290 550 tioipinm
323 471 455 550 propter
483 465 631 555 adjectivi
664 464 800 530 verbalis
831 470 979 530 naturam
1008 464 1096 530 vorbi
1118 465 1280 528 notionem

147 590 302 654 personae
334 569 429 634 alicui
461 569 510 633 vel
543 569 588 632 rei
611 569 658 633 ita
680 567 810 643 tribuat,
844 572 881 632 ut
909 568 1048 651 qualitas
1071 567 1229 650 quaedam
1251 569 1281 632 oi

147 671 318 737 inhaerens
340 693 409 738 esse
431 672 586 750 videatur,
609 669 670 735 hoc
690 691 749 735 usu
771 668 917 749 efficitur,
940 677 977 736 ut
998 692 1062 736 non
1084 670 1280 736 abstractam

148 775 290 857 aliquam
312 776 483 853 notionem,
515 775 571 840 sed
593 794 762 857 personam
784 773 925 855 aliquam
946 772 996 838 vol
1022 794 1100 852 rem,
1129 776 1179 839 oui
1200 773 1281 838 haec

146 879 234 942 notio
250 877 424 955 inhaereat,
447 877 621 960 cogitemus
644 881 742 959 atque
763 877 807 954 id,
830 875 915 958 quod
932 875 1059 954 dicitur,
1082 879 1201 942 arctius
1225 877 1281 941 da·

147 977 277 1045 finiatur
299 981 463 1064 magisque
496 981 589 1062 quasi
610 981 714 1044 vivere
735 979 891 1045 videatur.
938 977 1280 1062 Of.class.et1<rug.
1341 973 1343 978 ’

147 1081 190 1146 ad
212 1080 235 1144 l.
257 1081 308 1158 36,
331 1082 360 1146 3.
392 1082 634 1148 Memorandum
657 1082 794 1165 donique
816 1088 874 1160 est,
896 1081 976 1147 haec
990 1083 1134 1148 neutrius
1156 1083 1281 1166 generis

146 1185 319 1268 participia
341 1185 374 1248 in
395 1184 550 1267 singulari
571 1185 675 1266 posita
696 1184 888 1250 substantivi
914 1182 1068 1249 abstracti
1089 1184 1159 1250 loco
1185 1205 1281 1269 saepe

147 1289 292 1369 apostis
315 1287 456 1369 tragicis,
480 1287 563 1350 inter
578 1287 705 1352 Atticae
727 1293 835 1352 autem
857 1307 972 1372 prosae
994 1286 1165 1369 scriptores
1186 1308 1281 1371 prae·

95 1466 97 1471 ¹
146 1393 198 1454 ter
218 1388 447 1472 Antiphontem
468 1410 489 1454 a
509 1390 577 1454 solo
599 1389 785 1475 Thucydide
806 1390 902 1456 solita
923 1411 992 1455 essa
1013 1390 1097 1472 poni.

231 1491 353 1569 Restat,
375 1496 412 1556 ut
434 1492 473 1555 de
495 1492 540 1557 ais
562 1492 732 1572 vocabulis,
755 1514 837 1576 quae
851 1493 972 1559 arctius
994 1491 1168 1558 definiendi
1185 1513 1281 1559 causa

146 1594 325 1677 participiis
347 1591 546 1658 substantiva
569 1594 662 1661 dictis
684 1595 913 1680 adjunguntur,
936 1616 1040 1679 pauca
1061 1595 1227 1661 addamus.

232 1694 280 1760 Ac
300 1696 438 1778 primum
461 1696 589 1778 quidem
611 1699 699 1780 quod
721 1699 763 1764 ad
786 1699 1026 1764 collocationem
1049 1699 1174 1777 attinet,
1198 1699 1282 1783 ejus·

147 1798 234 1863 modi
254 1798 411 1864 vocabula
429 1806 562 1882 possunt
583 1800 639 1866 illa
660 1801 790 1884 quidem
820 1803 905 1867 inter
927 1800 1097 1866 articulum
1124 1807 1158 1866 at
1178 1803 1280 1885 parti-

148 1902 266 1984 cipium
291 1901 387 1984 poni3
418 1923 515 1985 saepe
544 1908 651 1970 tamen
683 1925 775 1970 casus
796 1904 919 1987 obliqui
941 1911 974 1970 et
995 1902 1151 1980 infinitivi,
1185 1905 1282 1986 quia

146 2004 315 2087 participio
327 2003 480 2086 pendent,
504 2012 537 2072 et
558 2006 720 2084 adverbia,
745 2027 827 2089 quaa
849 2007 891 2072 ad
912 2005 993 2071 illud
1015 2007 1186 2089 portinent,
1206 2027 1282 2089 par·

146 2106 291 2189 ticipium
312 2114 500 2189 sequuntur.

229 2207 305 2284 16,
332 2208 385 2273 15:
418 2204 451 2273 οὶ
471 2206 512 2274 τὰ
533 2206 633 2292 μείζω
654 2207 851 2296 κεκτημένοι.
894 2209 924 2285 9,
947 2209 981 2285 4;
1014 2207 1065 2297 22,
1088 2207 1123 2283 4;
1151 2208 1202 2286 34,
1227 2209 1280 2284 10,

229 2413 253 2478 Ι.
269 2414 320 2491 87,
334 2412 369 2478 7ε
391 2416 456 2477 τῶν
470 2409 524 2494 ξὺν
540 2410 665 2500 έτταίνην
687 2410 919 2499 ἐξοτρυνόντων
941 2409 1026 2500 ἡμᾶς
1048 2409 1107 2478 aa
1127 2409 1169 2477 τὰ
1192 2409 1281 2479 δεινὰ

147 2513 238 2603 παρὰ
259 2513 296 2580 τὸ
319 2514 435 2580 δοκοῦν
455 2510 541 2602 ἡμῖν.

231 2619 285 2684 ΠΙ.
308 2620 358 2698 40,
384 2618 439 2683 14:
461 2613 544 2705 πρὸς
566 2614 641 2696 τοὺς
661 2615 840 2701 μέλλοντας
863 2613 1068 2706 ἐπιτηδείους
1082 2615 1139 2683 καὶ
1152 2615 1190 2683 τὸ
1213 2617 1282 2684 λοι-

147 2717 213 2787 τεὸν
235 2719 384 2788 ἔσεσθαι.

233 2824 272 2888 Π.
296 2824 346 2903 35,
373 2824 407 2888 1:
438 2817 470 2887 oi
493 2818 614 2888 πολλοὶ
641 2825 706 2887 τῶν
733 2819 853 2889 ἐνθάδε
880 2814 1050 2910 εἰρηκότων
1071 2817 1141 2911 ἤδη.
1185 2824 1281 2903 Ι.15,

147 2928 181 3003 3,
206 2927 276 3005 126,
299 2928 354 3003 33;
379 2925 449 3004 131,
475 2927 524 2991 16.
566 2925 620 2990 111
643 2926 693 3005 38,
716 2928 750 3003 2;
772 2927 823 3005 28,
848 2927 901 3002 10;
924 2927 975 3005 55,
999 2927 1053 3003 15;
1075 2927 1126 3005 56,
1150 2929 1206 3004 19;
1230 2927 1281 3008 66,

146 3031 185 3108 2,·
205 3028 256 3106 82,
279 3028 331 3092 34.
372 3027 426 3092 IV.
451 3029 521 3106 107,
543 3030 574 3094 3.
610 3027 647 3094 V.
669 3029 720 3107 25,
743 3028 778 3106 4;
802 3028 852 3108 85,
875 3030 905 3094 6.
942 3027 1067 3110 11183,
1090 3033 1126 3109 3;
1150 3031 1281 3111 88,42;

146 3131 270 3212 92,10.

230 3233 394 3300 Vocabula
407 3237 516 3298 autem
537 3253 584 3312 aa,
608 3253 691 3316 quae
705 3233 923 3317 praedicative
938 3254 1010 3299 cum
1025 3235 1194 3319 participio
1206 3238 1283 3319 jun-

146 3343 279 3422 guntur,
309 3336 497 3420 plerumque
519 3338 604 3402 inter
628 3335 798 3402 articulum
820 3342 853 3402 at
874 3338 1080 3421 participium
1107 3345 1281 3422 ponuntur.

230 3439 306 3517 12,
333 3439 364 3502 1:
398 3433 415 3526 ἡ
446 3443 501 3504 νῦν
524 3434 638 3515 Ἑλλὰς
666 3436 856 3525 καλουμένη.
903 3440 953 3519 12,
985 3441 1020 3504 7:
1052 3437 1110 3525 τὴν
1139 3444 1195 3503 νῦν
1223 3442 1282 3522 μὲν

146 3536 320 3620 Βοιωτίαν,
353 3537 511 3627 πρότερον
544 3539 581 3607 δὲ
614 3535 791 3626 Καδμηίδα
822 3543 879 3626 γῆν
911 3539 1118 3628 καλουμένην.
1175 3544 1280 3622 2,19.

146 3644 186 3708 Π.
212 3644 242 3722 5,
272 3645 308 3720 9;
343 3644 392 3722 15,
423 3646 472 3710 11.
516 3645 571 3709 ΠΙ.
602 3645 653 3722 39,
684 3644 743 3719 37;
777 3644 828 3723 40,
863 3644 912 3709 15.
956 3643 992 3707 V.
1019 3643 1069 3722 11,
1089 3646 1124 3721 3;
1160 3647 1209 3724 72,
1230 3649 1281 3713 20.

147 3745 199 3812 111.
221 3748 251 3824 5,
275 3746 304 3810 4.
349 3745 416 3812 1111.
440 3750 492 3827 53,
516 3749 564 3813 10.

231 3848 293 3914 Sed
308 3849 405 3915 etiam
423 3850 485 3916 loci
500 3851 711 3928 inveniuntur,
734 3849 790 3915 ubi
807 3849 886 3915 talia
907 3846 1063 3916 vocabula
1077 3853 1282 3936 participium

146 3956 332 4034 sequuntur.

231 4054 308 4131 12,
335 4054 388 4118 142
424 4049 443 4140 ἦ
472 4057 527 4117 νῦν
553 4049 720 4120 Θεσσαλία
747 4053 926 4142 καλουμένη
954 4050 1010 4119 καὶ
1030 4049 1185 4119 Βοιωτία.
1229 4053 1280 4134 32,

150 4159 206 4223 15ε
231 4151 411 4244 ἦδοκοῦσα
432 4150 522 4242 ἡμῶν
544 4152 702 4242 πρότερον
724 4152 925 4245 σωφροσύνη.
964 4159 1034 4236 100,
1060 4158 1114 4222 12:
1135 4152 1195 4234 τὰς
1208 4151 1283 4223 τότε
