2952 4754
733 303 774 369 58

181 490 327 556 Eandem
360 488 562 554 difficultatis
590 490 686 573 hujus
720 491 890 556 solvendae
923 493 1083 557 rationem
1112 492 1215 556 secuti
1249 497 1327 554 sunt

181 591 293 674 Poppc
315 591 336 654 l.
360 612 397 668 ο,
430 590 591 673 Sauppins
623 592 712 674 (ecta
742 613 803 656 soc.
834 613 969 675 graecae
998 594 1058 657 vol.
1081 595 1111 670 2,
1141 613 1214 675 pag.
1236 594 1327 676 420),

181 693 358 759 Vahlenius
388 693 557 777 (Zeitschr.
588 691 642 758 fiir
669 694 855 780 deterreich.
878 695 992 778 Gymn.
1018 695 1108 772 1872,
1139 714 1213 778 pag.
1236 695 1326 777 523).

267 797 366 860 Recte
389 817 464 861 sane
486 795 629 877 Hauptio
652 796 673 860 l.
697 816 723 861 c.
752 797 853 874 „haec
875 797 1029 861 orationis
1051 797 1173 878 species
1196 816 1329 861 conces·

183 919 252 963 sam
275 895 398 970 Graece
422 899 560 962 sermoni
581 897 766 962 libertatem
797 898 951 962 excedere
982 898 1147 973 videtur“;
1181 898 1236 962 sed
1259 920 1331 963 me-

183 1001 312 1064 minisse
344 998 506 1076 debemus,
541 998 761 1082 Thucydidem
793 1000 930 1076 „luctari
959 1001 1051 1080 quasi
1081 1021 1152 1063 cnm
1181 1020 1331 1064 sermone

183 1101 350 1182 multaque
372 1103 580 1179 committere,
613 1121 697 1182 qnae
726 1103 872 1165 excusari
902 1101 1034 1183 possint,
1063 1101 1192 1166 landari
1219 1107 1333 1166 antem

184 1209 218 1267 et
238 1210 394 1284 tanquam
416 1203 581 1284 perfectae
602 1205 682 1268 artis
713 1203 861 1286 exempla
892 1204 1108 1268 commendari
1139 1205 1332 1286 neutiquam

185 1303 355 1368 debeant.“

680 1843 838 1909 Errata:

184 2041 246 2094 pag·
267 2027 291 2090 3,
311 2023 329 2076 l.
350 2025 394 2074 ll:
414 2021 525 2089 scripsit
542 2039 593 2090 pro
612 2024 734 2091 ccripsit.

215 2151 230 2181 „
267 2115 293 2180 9,
311 2111 330 2164 1.
350 2113 380 2165 3:
399 2111 489 2160 αἴτιον
509 2127 559 2176 pro
580 2112 676 2162 αἰτιον.

214 2186 235 2265 „⁰
268 2239 284 2267 „
314 2236 330 2267 „
349 2201 382 2252 9:
399 2196 519 2263 accipiet
537 2213 587 2264 pro
606 2197 732 2265 aecipirt.

214 2325 231 2352 „
269 2287 310 2344 10,
334 2285 354 2336 l.
374 2284 420 2336 18:
439 2285 565 2352 θαρσοῦν
583 2299 633 2351 pro
651 2287 787 2352 θαρσαῦν.

377 2374 424 2424 31:
443 2367 609 2440 παρατυχών
627 2388 677 2439 pro
695 2368 852 2442 παρτυχών.

378 2459 425 2510 32;
445 2453 510 2515 τοὺς
528 2472 578 2526 pro
595 2457 667 2516 τοὺς,

216 2588 232 2615 ,,
272 2546 349 2614 11,1.
368 2549 398 2598 7:
417 2541 582 2612 εὐτυχοῦντα
600 2563 650 2613 pro
669 2543 842 2613 εὐτυχοῦντα.

218 2673 234 2700 ,,
272 2635 312 2699 15,
331 2633 348 2686 l.
371 2635 416 2685 10:
435 2627 469 2696 ἢν
487 2649 538 2700 pro
557 2626 597 2696 ἦν.

216 2761 232 2788 ,,
270 2723 312 2784 16,
330 2720 350 2772 1.
368 2721 398 2772 5:
417 2713 566 2770 λανθάνειν
583 2735 633 2786 pro
652 2718 825 2772 λανθάννειν.

216 2847 232 2874 ,,
369 2808 413 2858 12:
432 2801 582 2856 λανθάνειν
599 2822 650 2875 pro
669 2802 833 2857 λανθάνειν.

217 2933 233 2961 „
271 2895 311 2956 17,
330 2893 349 2946 l.
370 2895 414 2946 15:
436 2891 639 2961 ἐξειργασμένοι
659 2911 709 2961 pro
728 2893 941 2963 ἒξειγρασμένοι.

217 2969 235 3048 ,,’
271 2982 314 3045 20,
332 2979 350 3033 l.
371 2983 419 3034 31:
439 2981 542 3047 pendet
560 2997 610 3047 pro
628 2982 740 3048 pendet.
834 3040 837 3045 ,

216 3107 233 3137 ,,
269 3069 311 3132 29,
331 3067 348 3118 l.
368 3067 414 3121 29:
433 3064 624 3121 άποικοάντων
642 3087 692 3137 pro
710 3066 908 3121 άποικοῡντων.

217 3193 232 3220 ,,
269 3155 311 3218 32,
330 3153 348 3205 l.
370 3156 415 3206 16:
434 3157 616 3224 προσγένοιτο
636 3174 686 3224 pro
705 3159 890 3225 προςγένοιτο.
