2952 4754
741 215 783 280 32

195 403 249 468 IV.
274 404 324 481 10,
346 403 375 466 4.
419 402 456 466 V.
480 405 509 482 9,
533 402 569 478 83
594 401 642 478 15,
666 403 700 478 9;
725 403 775 480 60,
798 402 854 478 253
880 401 954 477 105,
982 402 1030 466 17.
1074 402 1128 470 VI.
1151 405 1181 483 2,
1204 405 1262 482 23;
1285 407 1340 486 24,

198 507 257 582 103
280 505 332 583 34,
354 505 405 583 37,
428 504 485 582 45;
508 503 559 582 38,
582 505 617 580 3;
642 505 692 583 64,
715 505 751 581 5;
774 503 826 581 80,
849 504 899 568 28.
922 502 990 570 VII.
1013 505 1065 584 42,
1088 505 1139 570 32.
1163 508 1213 584 67,
1236 508 1288 572 26.

279 606 349 670 Ηοο
380 606 450 670 loco
483 608 581 671 etiam
609 607 785 672 notandum
817 612 874 684 est,
909 607 995 687 quod
1029 607 1140 690 Poppo
1173 610 1215 673 ad
1248 610 1271 672 1.
1300 610 1339 672 11

196 709 334 791 scripsit,
359 729 465 792 saepe,
496 710 524 773 si
546 709 686 773 conditio
707 711 741 773 in
770 709 941 792 participio
963 710 1053 787 insit,
1084 711 1277 793 particulam
1299 705 1342 774 ίίν

197 811 409 876 collocatione
432 832 504 875 cum
525 811 588 876 hoc
608 811 778 894 participio
801 811 959 893 conjungi.

282 913 305 977 I.
330 915 378 991 11,
404 913 459 976 14:
481 907 658 998 πολιορκίᾳ
688 909 717 976 δ’
739 906 779 977 ἂν
801 905 1106 997 προσκαθεζόμενοι
1128 910 1162 977 ἐν
1184 909 1343 977 ἐλάσσονί

195 1037 232 1078 τε
245 1010 349 1100 χρόνῳ
373 1011 428 1077 καὶ
450 1008 659 1097 ἀπονώτερον
674 1009 732 1098 τὴν
750 1009 869 1097 Τροίαν
891 1003 977 1078 εἷλὀν
1003 1019 1055 1093 (=
1075 1009 1105 1078 εἰ
1128 1013 1342 1099 προσεκαθέ-

197 1117 298 1197 ζοντο,
321 1107 408 1182 εἷλον
430 1107 494 1200 dv).

282 1217 328 1282 ef.
352 1217 376 1281 1.
399 1219 458 1296 21,
490 1219 516 1280 1.
559 1216 612 1282 VI.
637 1217 694 1295 80,
724 1217 775 1281 26.
820 1217 888 1282 VII.
912 1217 969 1296 77,
999 1221 1049 1283 23.
1092 1218 1176 1283 VIII.
1199 1217 1257 1298 871,
1281 1219 1340 1294 27;

196 1323 247 1400 92,
271 1321 312 1385 70
334 1321 405 1403 (ubi
432 1321 504 1385 vide
526 1319 724 1385 Classenium
753 1325 840 1384 recte
866 1321 1059 1404 particulam
1087 1313 1126 1412 ίίν
1156 1342 1228 1385 cum
1250 1321 1342 1384 codi-

197 1424 287 1489 cibus
310 1423 526 1506 retinentem).
552 1459 584 1468 -
611 1421 811 1488 Referendus
833 1423 897 1488 huc
919 1425 1029 1488 etiam·
1046 1429 1096 1488 est
1116 1423 1205 1488 locus
1226 1421 1263 1486 V.
1288 1423 1340 1500 60,

196 1527 254 1591 20:
276 1519 448 1606 ἀξιόμαχοι
470 1523 639 1600 δοκοῦντες
662 1515 745 1589 εἶναι
768 1517 806 1588 οὖ
820 1527 860 1612 τῇ
880 1517 1029 1608 Ἀργείων
1044 1525 1143 1605 μόνον
1165 1518 1340 1610 ξυμμαχίᾳ,

196 1621 281 1692 ἀλλὰ
302 1617 362 1690 adv
385 1627 433 1712 dd
456 1626 542 1709 quod
566 1625 635 1709 jam
656 1627 820 1692 Bekkerus
848 1627 998 1712 conjecit)
1021 1619 1102 1713 turp
1125 1621 1175 1692 ἔτι
1197 1646 1342 1710 προσγε-

197 1729 323 1817 νομένῃ,
347 1730 434 1813 quod
457 1729 587 1810 quidem
608 1730 814 1812 participium
848 1730 952 1794 minus
981 1737 1068 1794 recte
1092 1728 1190 1794 Class.
1214 1729 1342 1793 solven-

198 1835 275 1898 dum
297 1852 367 1898 esse
390 1832 498 1896 docet:
529 1823 560 1894 εὶ
592 1822 673 1916 ι’ίλλη
707 1826 757 1896 ἔτι
789 1829 1022 1914 προσεγένετο,·
1057 1831 1163 1914 aptius
1191 1830 1342 1896 solvitur:

197 1930 227 2002 εἰ
248 1929 330 2020 Illo
353 1930 403 2000 ἔτι
424 1931 645 2016 προςγένοιτο.

284 2037 338 2102 VI.
360 2037 410 2114 99,
436 2036 489 2100 13:
533 2025 674 2111 ἐκείνους
696 2027 723 2096 d'
745 2024 784 2095 dv
800 2033 1004 2115 παυομένους
1018 2038 1076 2098 τοῦ
1097 2029 1190 2118 ἔργου
1213 2028 1343 2109 πάντας

197 2133 237 2204 ὃν
259 2136 345 2222 πρὸς
367 2140 455 2224 σφᾶς
476 2133 670 2219 τρέπεσθαι.
721 2134 889 2201 Sufficeret
917 2137 1029 2219 procul
1060 2137 1157 2201 dubio
1180 2136 1342 2218 particula

197 2237 237 2307 ίίν
259 2241 357 2307 semel
379 2239 493 2323 posita.
538 2237 601 2303 Sed
623 2258 722 2319 quum
742 2237 844 2302 Thuc.
863 2238 951 2304 haud
973 2260 1047 2304 raro
1068 2244 1151 2323 part.
1174 2231 1214 2303 ι’ίν
1236 2240 1269 2303 in
1284 2259 1341 2304 eo-

199 2345 272 2410 dem
295 2342 462 2409 enuntiato
485 2340 534 2404 bIs
556 2345 664 2422 ponat,
686 2339 903 2418 advocabula
919 2350 1010 2423 ‘quae
1033 2345 1161 2423 gravius
1177 2342 1339 2408 efferenda

198 2451 281 2523 sunt,
305 2465 375 2510 eam
397 2442 589 2527 repetendo,
622 2463 686 2505 nou
708 2448 773 2518 est,
812 2463 869 2506 cur
898 2465 970 2507 curn
998 2444 1107 2508 codice
1128 2444 1284 2510 Vaticano
1306 2449 1340 2508 et

198 2547 343 2614 Parisino
365 2545 396 2610 H
419 2551 530 2610 contra
551 2544 692 2625 reliquos
720 2551 803 2627 part.
836 2538 876 2607 ίίν
896 2550 971 2628 post
993 2540 1135 2623 πάντας,
1170 2567 1254 2628 quae
1275 2567 1340 2610 vox

199 2651 372 2733 praecipue
393 2647 570 2732 promenda
591 2653 654 2724 est,
678 2649 872 2712 omittamus.
921 2646 1077 2730 Exempla
1099 2649 1278 2731 particulae
1300 2641 1340 2712 iia

197 2752 247 2817 bis
282 2753 406 2834 positae
436 2750 643 2814 inveniuntur
680 2748 715 2812 V.
738 2750 767 2825 9,
792 2748 846 2824 163
871 2748 946 2826 105,
969 2749 999 2813 9.
1043 2749 1096 2813 VI.
1122 2751 1170 2830 18,
1195 2753 1251 2827 11;
1286 2750 1338 2815 36.

196 2854 220 2919 Ι.
242 2853 291 2932 76,
315 2854 345 2919 4.

518 3192 564 3261 ΙΙΙ.
610 3193 653 3261 De
677 3190 842 3277 panicium
866 3191 1021 3262 absoluto.
1100 3295 1110 3304 q

724 3349 744 3428 ς
767 3347 814 3410 ιι.

282 3468 387 3551 Supra
408 3470 448 3548 ἓξ
472 3468 511 3532 13
534 3473 566 3532 et
591 3468 631 3530 14
648 3467 717 3549 jam
744 3467 924 3549 expositum
953 3468 1170 3550 exemplisque
1193 3469 1339 3561 illustra-

196 3580 266 3637 tum
288 3576 346 3649 est,
368 3569 540 3653 participio
561 3590 625 3633 non
647 3569 749 3634 solum
772 3570 958 3650 conjuncto,
989 3571 1047 3634 sed
1069 3571 1167 3634 etiam
1188 3569 1337 3652 absoluto

196 3675 355 3741 actionem
377 3671 474 3738 verbo
495 3671 586 3735 finito
609 3693 792 3754 expressam
814 3671 1037 3737 adverbiorum
1059 3672 1108 3737 vel
1131 3673 1338 3740 secundario·
1449 3657 1450 3675 ί

195 3798 268 3841 rum
289 3773 462 3859 cujuslibet
490 3776 616 3856 generis
639 3775 880 3839 enuntiatorum
906 3774 976 3838 loco
1005 3775 1187 3839 accuratius
1211 3775 1337 3843 definiri
1449 3805 1450 3867 ρ

196 3885 296 3960 atque
319 3875 545 3942 circumscribi.
589 3875 716 3941 Allatae
738 3881 814 3940 sunt
835 3877 932 3941 etiam
961 3897 1019 3941 eae
1040 3876 1228 3960 particulae,
1253 3899 1337 3959 quae

196 3981 238 4045 ad
262 3981 420 4044 rationem
442 3978 686 4061 participiorum
700 3978 881 4043 accuratius
904 3977 1147 4061 significandam
1169 3980 1220 4043 vel
1235 3983 1337 4063 magis
1449 4047 1450 4050 ,

197 4080 391 4146 efferendam
412 4081 583 4162 participio
617 4085 650 4143 et
678 4080 847 4161 conjuncto
878 4085 911 4145 et
933 4079 1080 4145 absoluto
1103 4102 1199 4164 saepe
1220 4084 1338 4167 adjun-
1449 4077 1450 4126 l
