2952 4754
678 239 834 343 re¹

125 461 307 546 νομίζειν
328 464 410 549 (VII.
433 465 483 542 68,
508 464 551 549 o).
589 457 679 548 ὁρᾶν
695 501 735 510 -
751 468 933 548 καθορᾶν
956 465 1021 544 (IV.
1046 467 1096 540 30,
1121 465 1151 530 8.
1181 467 1265 532 VIII.

126 569 248 647 60,11;
274 567 342 644 107,
365 567 410 651 3).
446 563 582 649 ένορᾶν
604 566 687 649 (VH.
702 567 752 645 36,
777 567 821 647 6).
862 570 1086 652 πειρᾶσθαι
1109 568 1176 652 (IV.
1197 569 1266 646 108,

126 672 168 736 30
191 693 262 734 cum
284 691 354 753 geu.
377 674 474 752 part.)
519 665 813 734 πυνθάνεσθαι
836 708 876 716 -
899 671 1035 754 τηρεῖν
1058 669 1094 753 (I.
1121 671 1191 746 134,
1217 671 1265 734 12.

126 773 165 836 II.
188 774 238 850 83,
262 773 290 837 8.
312 771 366 837 vl.
391 773 460 849 100,
484 771 528 850 9).
572 767 778 855 ἐπιτηρεῖν
812 773 861 849 (V.
883 774 934 848 37,
958 774 1001 855 6).
1027 808 1064 820 -
1088 793 1268 857 φρυκτω-

126 877 289 959 ρεῖσθαι
312 873 379 957 (111.
402 875 452 951 80,
478 873 520 954 7).
565 875 809 956 καταφωρᾶν
831 873 870 956 (Ι.
892 872 943 950 82,
966 874 1011 958 2).

211 977 302 1040 Adn.
335 975 596 1057 καταλαμβάνειν
634 995 706 1038 curu
736 980 819 1056 part.
848 994 951 1056 praes.
985 973 1035 1038 vel
1066 975 1163 1057 peri,
1203 996 1268 1039 non

127 1097 194 1143 eor.
217 1078 435 1160 conjungitur?
475 1077 522 1141 01.
550 1077 648 1141 Class.
670 1076 714 1140 ad
735 1075 760 1140 1.
782 1077 833 1151 59,
856 1077 887 1140 2.

213 1179 316 1242 Multa
338 1199 378 1243 ex
399 1179 450 1243 his
473 1179 577 1244 verbis
599 1179 697 1243 etiam
720 1200 792 1242 cum
821 1177 977 1242 infinitivo
1000 1179 1049 1243 vel
1072 1201 1144 1244 cum
1168 1201 1269 1246 enun-

127 1285 208 1347 tiato
238 1283 280 1347 ab
301 1275 429 1366 6τι(ο1ς)
462 1281 636 1363 incipiente
667 1285 905 1356 construuntur,
937 1299 974 1344 eo
1009 1281 1200 1360 discrimine,
1234 1289 1271 1348 ut

128 1385 298 1468 participio
321 1383 521 1460 substantivi,
552 1382 707 1447 infinitivo
733 1390 765 1447 et
787 1385 955 1447 enuntiato
976 1383 1018 1447 ab
1040 1377 1168 1469 6τι(ιὸς)
1190 1387 1271 1449 1οοί-

128 1488 237 1570 pientc
258 1486 347 1550 verbi
367 1487 456 1550 notio
480 1487 580 1567 magis
603 1484 766 1549 efferatur.
821 1485 884 1550 Sed
912 1485 993 1550 haec
1015 1506 1066 1550 res
1088 1487 1270 1551 accuratius

127 1589 300 1654 tractanda
322 1592 379 1653 est.

214 1685 500 1754 αἰσθάνεσθαι
518 1689 701 1771 saepissime
725 1710 797 1753 eum
818 1695 917 1770 part.
940 1688 1145 1773 conjungitur
1161 1691 1196 1768 (I.
1218 1692 1270 1768 26,

130 1794 165 1869 8;
189 1793 240 1869 33,
263 1794 299 1868 8;
328 1792 380 1867 47,
407 1791 434 1852 1.
468 1790 507 1854 ΙΙ.
530 1792 560 1869 3,
587 1790 620 1866 l;
645 1789 695 1867 31,
720 1792 739 1854 6
762 1792 848 1874 ο1ο.),
883 1811 955 1855 cum
977 1789 1092 1856 infin.
1116 1792 1153 1857 V.
1175 1793 1205 1870 4,
1228 1794 1271 1856 24

130 1901 164 1959 et
185 1893 239 1958 VI.
262 1893 314 1970 59,
341 1893 388 1957 11.

216 1995 376 2073 Kuehner,
410 2015 456 2076 gr.
480 2015 527 2076 gr.
556 2014 627 2077 pag.
660 1994 721 2056 629
750 1993 814 2057 huc
842 1997 940 2059 etiam
971 1992 1174 2059 referendum
1202 2016 1271 2061 esse

131 2103 240 2164 censet
261 2097 374 2176 locum,
399 2097 455 2178 qui
477 2102 526 2160 est
547 2095 602 2160 III.
620 2095 671 2173 38,
694 2096 750 2159 27ε
773 2092 828 2158 καὶ
850 2092 1106 2179 προαισθέσθαι
1127 2119 1163 2162 τε
1185 2095 1270 2182 πρό-

129 2202 233 2279 θυμοι
267 2190 364 2276 εἶναι,
399 2200 503 2263 minus
525 2204 627 2274 recte,
661 2207 699 2262 ut
721 2197 799 2261 mihi
822 2198 966 2274 videtur,
1001 2197 1078 2279 quia
1110 2197 1189 2264 haec
1210 2201 1272 2264 Ioci

131 2301 325 2367 constructio
347 2301 493 2383 ineptum
515 2321 642 2366 sensum
663 2300 806 2383 praebet.
842 2299 955 2382 Neque
972 2297 1128 2364 Classenii
1150 2303 1273 2384 opinio-

131 2426 204 2470 nem
225 2404 336 2486 probo,
360 2404 416 2483 qui
438 2402 629 2467 infinitivum
652 2398 909 2483 προαισθέσθαι
931 2420 951 2464 a
973 2401 1078 2466 verbis
1100 2398 1272 2487 πρόθυμοι

132 2498 223 2582 εἶναι,
246 2506 327 2570 haec
349 2511 458 2568 autem
480 2525 500 2568 a
526 2504 697 2586 participio
720 2495 1011 2585 οἶνταγωνιζόμινοι
1033 2503 1175 2585 pendere
1199 2527 1273 2570 cen-

131 2615 189 2686 set,
225 2608 311 2688 quia,
346 2607 373 2670 si
408 2601 580 2689 πρόθυμοι
602 2596 694 2682 εἶναι,
729 2605 827 2669 etiam
856 2601 990 2686 βραδεῖς
1019 2604 1078 2687 (sc.
1100 2595 1199 2691 εἶναι)
1230 2608 1272 2672 ab

130 2702 419 2790 ᾶνταγωνιζόμενοι
440 2706 582 2790 pendere
604 2707 775 2771 dicendum
802 2711 894 2781 esset,
926 2704 1012 2786 quod
1034 2707 1180 2788 ineptum
1202 2729 1273 2774 sen-

131 2832 200 2876 sum
223 2808 378 2893 praebere
401 2814 500 2892 patet.
544 2809 658 2892 itaque
680 2830 807 2875 sensum
829 2807 921 2872 unice
944 2813 1057 2890 aptum
1079 2807 1195 2874 Stahlii
1217 2832 1273 2876 ex-

130 2912 336 2995 plicationem
359 2911 515 2994 praebere
545 2917 634 2994 puto,
668 2914 724 2994 qui
759 2903 843 2975 εἶναι
872 2909 1045 2974 delendum
1076 2931 1144 2976 esse
1175 2918 1273 2995 atque

129 3014 321 3078 infinitivum
356 3011 611 3096 προαισθέσθαι
641 3013 682 3078 ab
727 3013 886 3096 adjectivo
922 3006 1094 3095 πρόθυμοι
1129 3017 1271 3097 pendere
1365 3067 1367 3072 .

131 3117 234 3180 docet.

214 3211 265 3280 ὅτι
288 3223 362 3300 post
383 3218 513 3281 verbum
536 3211 763 3280 αἰσθάνεσθαι
784 3215 945 3280 invenitur
967 3216 1008 3280 11.
1031 3215 1081 3294 88,
1109 3216 1139 3281 3.
1183 3217 1220 3282 V.
1240 3219 1271 3297 2,

130 3318 165 3394 8;
190 3319 239 3396 10,
261 3317 313 3381 53.
356 3318 440 3382 VIII.
466 3320 535 3396 100,
559 3319 588 3382 4.

214 3415 442 3485 αἰσθάνεσθαι
464 3441 535 3484 cum
557 3441 628 3502 gen.
652 3426 735 3503 part.
760 3417 964 3500 conjungitur
986 3416 1023 3481 V.
1046 3417 1096 3496 83,
1120 3422 1150 3485 2.

214 3518 417 3607 ἀγγέλλειν
439 3523 493 3589 ΙΠ.
519 3523 566 3600 16,
593 3524 640 3586 12.
668 3520 753 3586 VIII.
779 3521 829 3596 79,
853 3520 893 3583 21
918 3541 990 3583 cum
1011 3522 1194 3604 participio,
1216 3523 1272 3587 III.

133 3624 202 3701 110,
235 3626 261 3689 1.
298 3624 349 3689 IV.
378 3627 429 3702 25,
460 3626 511 3690 23.
548 3624 586 3689 V.
613 3625 663 3703 63,
694 3625 724 3688 6.
761 3621 846 3686 VIH.
877 3622 928 3700 94,
958 3623 978 3686 2
1010 3642 1081 3686 oum
1104 3624 1270 3701 infinitivo,

129 3730 258 3810 saepius
281 3749 352 3792 cum
375 3728 541 3792 enuntiato
565 3749 586 3791 a
607 3724 769 3810 particula
791 3719 843 3788 ὅτι
866 3725 1039 3808 incipiente
1064 3725 1270 3790 construitur.

214 3824 484 3913 ἀπαγγέλλειν
514 3829 584 3892 VII.
607 3830 657 3906 83,
680 3828 701 3889 5
724 3826 939 3910 participium,
977 3823 1058 3890 VIII
1081 3824 1132 3903 26,
1156 3827 1176 3890 2
1198 3827 1269 3891 infi-

129 3931 264 3996 nitivum
286 3933 347 3997 sibi
370 3932 525 4014 adjungit.

214 4026 471 4116 ᾶποφα-ίνειν
504 4039 605 4116 part.
638 4053 745 4096 secum
779 4027 878 4093 habet
899 4027 938 4091 II.
965 4027 1014 4104 13,
1038 4027 1097 4105 36;
1134 4030 1268 4108 62,10;

128 4134 183 4199 ΠΙ.
205 4136 256 4213 38,
280 4137 313 4210 8;
337 4136 388 4211 39,
414 4137 448 4210 1;
470 4136 520 4213 44,
543 4135 572 4198 4.
604 4134 658 4199 IV.
682 4135 711 4211 3,
737 4133 784 4195 10.
817 4130 874 4212 VI,
894 4129 945 4207 54,
969 4130 997 4194 3.
1034 4128 1119 4195 VIII.
1141 4131 1192 4210 85,
1220 4134 1269 4210 11,

1008 4247 1042 4302 2Ω
