2952 4754
728 217 769 284 38

264 409 319 474 III.
345 409 394 486 18,
416 408 452 472 2:
474 402 533 470 ἐπὶ
555 399 747 491 Μήθυμναν
768 397 812 480 ὥς
833 398 1071 486 προδιδομένην
1093 395 1321 485 ἐστράτευσαν.
1452 379 1453 400 ί

181 512 324 578 Proditio
346 511 486 576 nondum
507 508 595 573 facta
617 513 700 585 erat,
724 506 781 571 sed
804 506 911 589 parari
934 525 1003 570 eam
1027 525 1065 570 ac
1086 504 1229 570 suturam
1251 526 1322 570 esse
1453 579 1454 594 ρ

182 614 367 682 credebant.

265 715 317 781 VI
340 715 391 794 88,
416 715 472 780 6οι
502 707 737 792 διανοουμένων
767 711 832 773 τῶν
860 703 1034 794 ἐφόρων...
1058 707 1213 793 πρέσβεις
1234 708 1323 791 πέμ-

182 839 304 884 πειν...
328 816 510 892 κωλύοντας
535 846 570 868 --
596 835 693 896 quum
729 811 841 897 ephori
870 810 992 894 legatos
1020 812 1148 877 mittere
1178 813 1323 877 intende-

182 927 271 999 rent,
300 920 356 1005 qui
377 920 579 1005 impedirent.
622 917 728 998 Atque
749 917 796 979 ita
816 913 904 978 haud
926 916 974 979 ita
994 935 1066 980 raro
1088 920 1162 998 post
1190 914 1324 980 verbnm

184 1021 331 1105 πέμπειν
361 1022 567 1107 participium
588 1018 767 1103 praesentis
804 1018 845 1082 de
875 1023 1019 1100 tempora
1053 1017 1161 1082 futuro
1193 1017 1321 1082 dicitur.

184 1126 230 1192 cf.
253 1125 320 1190 VII
343 1127 372 1205 3,
395 1126 432 1202 43
453 1124 505 1202 25,
527 1123 570 1188 40
593 1128 626 1186 et
647 1121 727 1186 alios
748 1121 844 1186 locos.
1311 1201 1320 1225 ρ

268 1227 418 1294 Notanda
449 1231 524 1292 sunt
558 1224 746 1309 praesertim
780 1223 951 1306 participia
985 1219 1026 1286 τὰ
1058 1217 1241 1306 γιγνόμενα,
1280 1244 1324 1286 τα

183 1325 397 1414 πρασσόμενα
428 1334 527 1411 atque
561 1348 608 1403 ea,
639 1345 723 1409 quae
757 1323 1039 1403 class.V111.63‚
1076 1327 1115 1391 16
1149 1325 1259 1391 affert:
1291 1321 1325 1390 oi
1456 1331 1457 1344 ¹

184 1428 381 1515 ἐπαγόμενοι
404 1431 509 1514 (112,
533 1431 598 1514 22),
622 1422 654 1491 οὶ
676 1423 880 1511 πράσσοντες
902 1427 969 1512 (IV.
994 1430 1064 1508 110,
1089 1429 1161 1513 12),
1184 1422 1216 1492 οί
1238 1449 1325 1511 προ-

184 1530 329 1612 διδόντες
349 1533 403 1619 (Π.
424 1535 454 1612 5,
478 1535 551 1614 32),
585 1526 617 1596 οἳ
650 1524 882 1612 διαβάλλοντες
904 1529 973 1608 (ΠΙ.
995 1534 1024 1610 4,
1050 1533 1120 1617 13),
1153 1537 1326 1615 praeterea
1457 1611 1458 1616 ἵ

184 1635 335 1713 911186,
359 1634 396 1700 8:
417 1633 493 1714 τοὺς
512 1633 569 1700 τὸν
591 1635 692 1721 δῆμον
713 1628 941 1710 καταλέοντας,
964 1633 1046 1713 VIII,
1065 1636 1120 1713 63,
1145 1636 1180 1699 λι
1202 1627 1233 1698 ολ
1255 1657 1326 1701 κοι-

184 1733 418 1820 νολογούμενοι,
454 1759 536 1822 quae
568 1737 674 1802 omnia
695 1756 758 1800 non
787 1736 827 1800 de
861 1743 948 1802 certo
976 1737 1083 1819 aliquo
1106 1743 1250 1820 tempore
1273 1737 1327 1801 di-

185 1847 311 1912 cuntur,
333 1841 389 1906 sed
413 1845 610 1908 constantem
623 1839 790 1922 quandam
813 1839 1083 1906 substantivorum
1106 1840 1238 1907 similem
1260 1840 1325 1906 vim
1458 1847 1459 1857 ’

185 1943 315 2009 habent.

270 2044 496 2129 Participio
528 2043 703 2128 perfecti
740 2042 852 2108 eodem
884 2044 979 2109 modo
1010 2043 1209 2127 significatur
1239 2049 1325 2133 actio

186 2149 353 2232 completa,
376 2148 539 2223 absoluta,
561 2144 706 2229 perfecta
727 2166 831 2226 neque
853 2147 922 2229 ipso
944 2148 1114 2231 participio
1136 2169 1245 2232 saepe,
1269 2152 1324 2216 scd

186 2260 330 2336 tempore
351 2249 440 2316 verbi
465 2249 548 2314 finiti
577 2248 627 2314 vel
648 2248 710 2314 loci
733 2269 829 2314 sensu
851 2254 950 2331 atque
980 2256 1130 2316 contextu
1152 2252 1324 2332 indicatur,

187 2356 227 2420 de
249 2361 392 2438 tempore
415 2352 483 2437 jam
511 2358 608 2417 antea
629 2349 736 2434 elapso
760 2372 828 2418 esse
857 2372 1035 2416 sermonem
1056 2354 1326 2438 participiumque

187 2457 322 2541 perfecti
344 2476 404 2539 pro
425 2454 741 2538 plusquamperfecto
764 2457 904 2538 positum
925 2476 1002 2520 esse.

271 2558 294 2623 I.
316 2558 367 2635 26,
392 2557 427 2622 7:
458 2557 661 2640 Κερκυραῖοι,
687 2553 801 2642 ἐπειδὴ
823 2549 969 2644 ᾔσθοντο
991 2551 1068 2634 τούς
1089 2580 1124 2621 τε
1154 2553 1326 2646 οἰκήτορας

187 2658 243 2726 καὶ
265 2655 424 2747 φρουροδς
444 2654 582 2746 ἥκοντας
608 2654 664 2743 τήν
692 2681 727 2724 τε
748 2651 906 2726 ἀποικίαν
929 2653 1122 2743 Κορινθίοις
1144 2660 1325 2748 δεδομένην,

189 2761 410 2844 ἐχαλέπαινον.
435 2800 473 2808 -
508 2762 559 2840 59,
585 2761 620 2838 7;
652 2761 707 2838 60,
729 2763 758 2826 2.
802 2761 997 2840 111.70‚4;
1030 2762 1167 2839 9Ο,12;
1201 2767 1345 2845 94,16..

188 2865 243 2932 IV.
263 2865 314 2943 66,
336 2865 391 2929 22:
414 2867 492 2951 ῥᾷον
514 2857 544 2929 δ’
564 2856 624 2950 ἤδη
646 2856 780 2943 ἔμελλον
802 2857 1045 2949 προσχωρήσειν
1067 2861 1183 2930 τούτου
1205 2891 1327 2956 γεγενη-

189 2966 295 3051 μένου.
339 2966 422 3032 Satis
438 2966 577 3032 dilucide
598 2966 659 3031 hec
680 2965 749 3030 loco
766 2967 1011 3044 demonstratur,
1034 2969 1238 3052 participium
1253 2993 1328 3056 per·
1354 3008 1358 3016 ·

190 3071 266 3136 fecti
298 3069 491 3152 respondere
519 3089 611 3152 posse
633 3066 742 3132 futuro
776 3070 871 3134 tertio
900 3070 1028 3155 (exacto
1061 3073 1147 3155 apud
1169 3073 1326 3160 Latinos),

191 3176 217 3240 si
239 3172 371 3238 verbum
392 3171 518 3238 finitum
539 3174 573 3236 in
594 3170 702 3238 futuro
724 3173 862 3255 positum
880 3173 928 3236 sit.

275 3273 542 3357 Participium
563 3273 687 3339 futuri
710 3295 812 3356 aeque
834 3280 932 3356 atquc
959 3275 1150 3343 indicativus
1169 3281 1328 3346 actionem

191 3378 333 3444 futuram
355 3375 527 3462 significat,
550 3377 636 3442 unde
657 3375 807 3441 facillime
823 3376 946 3441 consilii
962 3383 1060 3460 atque
1081 3378 1152 3444 finis
1168 3383 1229 3447 vim
1253 3405 1329 3466 pro-

192 3481 261 3546 dire
295 3480 367 3563 quis
390 3486 439 3544 est
472 3479 550 3562 quin
582 3477 766 3561 intelligat?
808 3479 900 3544 Hanc
932 3486 1042 3546 autem
1075 3482 1198 3546 consilii
1228 3491 1328 3567 atque

192 3582 264 3647 finis
279 3581 541 3665 significationem
562 3581 597 3646 in
610 3583 781 3664 participio
803 3581 904 3647 futuri
926 3583 1028 3648 inesse
1043 3587 1232 3666 praesertim
1254 3597 1330 3670 post

193 3684 299 3763 verba,
322 3705 404 3765 quae
426 3691 500 3751 sunt
519 3679 623 3769 ἥκειν,
646 3680 810 3768 ἔρχεσθαι,
833 3682 988 3765 πέμπειν,
1011 3678 1237 3768 ἀποστέλλειν,
1260 3715 1328 3758 πα-

192 3779 460 3871 ρασκευάζεσθαι,
485 3787 547 3852 aha
567 3787 732 3869 permultis
754 3788 832 3853 locis
855 3788 1087 3871 comprobatur.

279 3889 301 3954 1.
324 3889 375 3966 32,
398 3890 433 3954 3:
456 3884 581 3954 δίκαιον
602 3886 676 3966 τοὺς
696 3883 832 3975 ἥκοντας
853 3886 944 3971 παρὰ
971 3886 1047 3968 τοὺς
1068 3890 1172 3969 πέλας
1193 3891 1328 3960 ἐπικου-

194 3987 266 4072 ρίας
287 3989 547 4076 δεησομένους...
572 4029 611 4038 ---
634 3993 684 4070 33,
711 3991 749 4056 15
772 3987 1076 4078 (παραγίγνεσθαι)
1111 3996 1160 4074 73,
1183 3997 1204 4061 4
1227 3998 1328 4084 (παρ-

195 4089 374 4179 έρχεσθαι).
422 4092 460 4156 ΙΙ.
492 4095 543 4172 15,
576 4096 597 4159 Ξ)
633 4092 808 4179 (ξυνιέναι).
868 4093 923 4159 ΠΙ.
951 4096 1007 4174 26,
1043 4096 1062 4159 6
1091 4096 1330 4184 (προαποπέμ-
