2952 4754
700 290 738 354 11

154 475 208 541 111.
231 477 281 553 83,
303 477 337 541 5:
364 469 402 538 cd
423 473 482 570 ηᾴρ
512 472 550 560 ἦν
571 471 591 541 ὀ
614 471 774 547 διαλύσων
797 471 870 542 οὔτε
892 471 987 560 λόγος
1008 473 1117 561 ἐχυρὸς
1139 471 1212 542 οὔτε
1232 473 1285 561 ὅρ-

154 600 210 655 κος
230 573 379 664 φοβερός.
401 616 441 626 -
464 578 517 642 lV.
540 580 589 657 78,
612 579 667 655 29,
689 581 740 659 93,
765 581 813 646 13.
858 579 909 644 VI.
933 582 985 658 20,
1010 579 1058 644 15.

239 680 327 759 Quae
352 680 517 764 hucusque
547 682 587 746 de
613 684 741 748 articuli
768 684 937 767 participio
968 683 1135 750 masculini
1163 685 1286 767 generis

153 785 298 869 adjuncti
323 784 553 868 significatione
583 784 826 868 disputavimus,
856 805 894 850 ea
921 786 1017 851 etiam
1045 786 1085 850 de
1107 786 1286 869 participiis

154 889 298 953 neutrius
328 888 452 971 generis
483 887 588 952 valere
610 893 708 971 patet.
751 887 943 952 Addendum
975 893 1025 954 est
1046 895 1163 964 autem,
1197 887 1284 971 apud

153 991 324 1074 participia
347 990 490 1055 neutrius
512 993 636 1074 generis
658 991 758 1055 multo
780 992 884 1057 rarius
906 990 1077 1056 articulum
1100 991 1212 1055 omitti.

238 1092 350 1170 1189,
373 1094 430 1159 34:
464 1090 635 1161 ένδέοντι.
676 1092 730 1158 ΠΙ.
754 1094 805 1169 39,
836 1092 897 1157 24:
928 1085 1131 1172 εῧτοχοῦττα.
1177 1093 1227 1168 67,
1251 1092 1286 1157 7:

153 1191 189 1274 ἐξ
209 1191 247 1258 οὗ
268 1191 504 1281 προσηκόντων.
555 1197 608 1262 vl.
630 1197 681 1275 38,
713 1198 749 1262 3:
781 1192 837 1260 καὶ
862 1187 975 1279 ἄνδρες
1001 1188 1076 1260 οὔτε
1105 1187 1184 1259 ὅντα
1213 1187 1287 1260 οὔτε

154 1288 193 1360 ἂν
215 1294 370 1382 γενόμενα
390 1298 628 1383 λογοποιοῦσιν.

236 1401 407 1468 Praeterea
428 1404 651 1470 memorandus
673 1408 721 1469 est
742 1401 894 1470 hocloco
915 1401 1189 1484 frequentissimus
1211 1424 1287 1488 par·

153 1503 255 1587 ticipii
287 1505 456 1588 singularis
489 1508 633 1572 neutrius
667 1506 792 1588 generis
822 1525 907 1582 usus,
941 1505 1120 1590 Thucydidi
1150 1507 1286 1572 maxime

152 1607 309 1689 proprius.
353 1607 467 1690 Itaque
488 1629 551 1674 non
573 1608 685 1674 inutile
715 1609 850 1686 ridetur,
881 1608 987 1672 omnia
1008 1606 1190 1692 hujusmodi
1211 1631 1285 1694 par-

151 1709 271 1792 ticipia,
294 1729 376 1792 quae
399 1711 487 1793 apud
509 1710 727 1796 Thucydidem
748 1711 961 1788 inveniuntur,
985 1709 1108 1778 afferre.

238 1810 262 1874 Ι.
285 1811 336 1890 25,
359 1813 395 1876 2:
429 1808 468 1876 τὸ
497 1808 611 1895 παρόν.
665 1815 715 1895 32,
748 1816 803 1880 11:
837 1809 870 1877 ἐν
899 1813 945 1899 τῷ
975 1808 1124 1897 παρόντι.
1167 1812 1218 1890 36,
1249 1814 1286 1878 3ι

152 1907 190 1976 τὸ
212 1914 359 1997 θαροοῦν
381 1951 420 1962 -
443 1912 482 1979 τὸ
504 1912 620 1993 δεδιός.
665 1917 715 1998 84,
741 1918 779 1981 1:
801 1914 840 1981 τὸ
862 1911 965 2000 βραδὺ
986 1912 1041 1981 καὶ
1061 1914 1190 1997 μέλλον.
1236 1915 1286 1994 84,

152 2015 186 2080 8:
208 2011 299 2100 παρὰ
320 2010 358 2081 τὸ
381 2016 500 2081 δοκοῦν
521 2011 607 2104 ἡμῖν.
650 2021 702 2097 90,
725 2021 762 2084 2:
784 2015 823 2083 τὸ
843 2017 971 2101 μέλλον.
1014 2018 1065 2098 90,
1088 2021 1125 2084 9ο
1146 2015 1184 2081 τὸ
1208 2022 1284 2100 βοο-

151 2111 285 2198 λόμενον
305 2116 361 2182 καὶ
384 2114 535 2184 ὕποπτον
556 2124 614 2207 τῆς
634 2117 769 2210 γνώμης.
818 2120 869 2199 98,
892 2123 929 2186 9:
950 2116 1042 2205 παρὰ
1062 2117 1101 2185 τὸ
1123 2124 1284 2207 καθεστη-

150 2215 216 2297 κός.
239 2260 279 2268 -
304 2224 374 2300 122,
397 2224 433 2288 6:
463 2220 547 2308 πρὸς
566 2221 605 2292 τὸ
627 2221 880 2307 παραταγχάνον.
925 2223 994 2301 138,
1020 2224 1074 2288 14:
1108 2219 1167 2287 έντὶ
1188 2222 1282 2288 πλεῖ-

150 2342 228 2387 στον
248 2326 306 2389 τοῦ
328 2324 547 2412 γενησομένου.
593 2328 662 2406 142,
685 2328 742 2392 22:
764 2322 798 2391 ἐν
818 2330 865 2412 τῷ
886 2322 931 2413 μὴ
954 2325 1139 2409 μελετῶντι.

233 2426 272 2491 II.
295 2428 345 2506 59,
371 2431 423 2494 12:
452 2425 490 2494 τὸ
519 2422 724 2516 ὀργιζόμενον
745 2432 803 2513 τῆς
825 2424 961 2515 γνώμης.
1006 2430 1056 2508 61,
1079 2434 1114 2495 9:
1143 2424 1181 2493 τὸ
1203 2428 1285 2493 λυττ-

151 2531 216 2590 οῦν.
255 2529 305 2608 63,
330 2531 361 2593 1:
382 2534 440 2616 τῆς
462 2527 591 2609 πόλεως
611 2535 658 2618 τῷ
677 2529 856 2616 τιμωμένῳ.
894 2531 944 2609 76,
967 2531 1004 2596 2:
1026 2529 1064 2596 τὸ
1087 2529 1285 2618 διῃρημένον.

153 2631 203 2709 76,
226 2631 263 2696 9:
283 2629 322 2696 τὸ
343 2629 541 2716 κενούμενον.
586 2635 636 2711 89,
658 2634 715 2699 24:
736 2637 783 2719 τῷ
804 2627 862 2698 οὐκ
883 2627 994 2698 εἰκότι.

235 2733 291 2797 ΠΙ.
314 2735 365 2813 44,
389 2738 427 2801 7:
448 2733 526 2820 τιερὶ
547 2738 606 2801 τοῦ
625 2733 856 2817 μέλλοντος-
880 2738 938 2800 τοῦ
959 2731 1129 2822 παρόντος.
1164 2737 1216 2814 37,
1232 2737 1287 2802 28:

26 2831 29 2841 ’
152 2833 243 2920 παρὰ
264 2833 302 2902 τὸ
324 2833 430 2920 δόξαν.
473 2841 524 2917 38,
555 2842 610 2905 11:
643 2835 681 2903 τὸ
710 2834 798 2902 πάνυ
819 2838 944 2903 δοκοῦν.
996 2841 1047 2918 39,
1077 2840 1134 2905 29:
1168 2834 1206 2903 τὸ
1228 2837 1287 2922 μὲν

151 2941 337 3024 θεραπεῦον
359 2981 399 2988 -
421 2937 459 3008 τὸ
480 2938 524 3028 μὴ
545 2935 690 3006 ὖττεῖκον.

236 3041 290 3107 IV.
313 3043 363 3122 36,
387 3045 420 3110 7:
441 3041 523 3108 κατὰ
544 3040 582 3108 τὸ
604 3038 844 3130 deductorium.
880 3046 931 3123 55,
957 3044 1013 3110 15:
1035 3041 1073 3109 τὸ
1094 3038 1138 3132 μὴ
1162 3041 1287 3125 ἐπιχει-

152 3138 313 3229 ρούμενον.
353 3147 404 3225 61,
426 3147 482 3218 2οε
505 3150 562 3212 τοῦ
585 3139 729 3223 εἴκοντος
752 3185 789 3194 -
813 3143 851 3211 τὸ
874 3142 979 3213 έτιιόν.

238 3247 274 3312 V.
297 3250 326 3325 9,
352 3248 406 3313 18:
427 3252 487 3313 τοῦ
507 3247 661 3330 μένοντος
682 3287 724 3296 --
746 3245 779 3314 ἓν
800 3252 846 3336 τῷ
868 3243 1032 3334 ἀνειμένῳ.
1075 3249 1125 3327 66,
1150 3249 1206 3314 18:
1227 3248 1288 3312 τοῦ

153 3347 325 3432 δρωμένου.
367 3352 418 3429 73,
443 3353 497 3416 12:
521 3347 559 3416 τὸ
582 3346 766 3432 νικώμενον.
804 3353 854 3430 73,
880 3351 935 3416 15:
960 3349 999 3415 τὸ
1020 3343 1177 3438 ἦσαηθέν.
1218 3351 1287 3429 102,

153 3453 187 3516 4:
208 3447 292 3533 μετὰ
312 3456 371 3517 τοῦ
393 3451 563 3536 δρωμένου.
589 3491 628 3502 -

238 3554 286 3618 Vl.
310 3555 359 3633 16,
385 3557 438 3621 12:
461 3553 497 3620 ἐκ
517 3558 577 3620 τοῦ
598 3556 769 3641 δρωμένου.
815 3557 866 3635 58,
889 3559 924 3622 2:
953 3552 991 3621 τὸ
1014 3553 1190 3640 γενόμενον.
1237 3557 1287 3636 69,

154 3657 189 3721 9:
212 3661 258 3742 τῷ
281 3653 476 3722 ἐλλείποντα

239 3760 305 3824 VII.
328 3761 378 3838 43,
401 3761 458 3825 44:
488 3764 546 3825 τοῦ
568 3755 671 3846 μήπω
691 3758 915 3846 μεμαχημένον
935 3763 1000 3825 τῶν
1023 3754 1183 3825 ἐναντίων.
1237 3761 1287 3840 49,

154 3863 191 3927 3:
218 3861 256 3926 τὸ
278 3857 483 3944 βουλόμενον.
528 3864 577 3939 68,
601 3864 637 3927 5:
659 3859 697 3925 τὸ
720 3858 926 3943 θυμούμενον
947 3866 1005 3948 τῆς
1025 3855 1160 3949 γνώμης.

239 3963 300 4042 Qui
322 3966 408 4030 locos
430 3966 524 4029 modo
547 3964 661 4029 allatos
684 3970 807 4029 attente
828 3964 1009 4048 perlegerit,
1043 3963 1136 4028 facile
1158 3964 1288 4044 ridebit,

153 4067 375 4152 aThucydide
396 4069 602 4151 participium
624 4068 768 4132 neutrius
783 4067 907 4149 generis
929 4068 961 4131 in
983 4065 1136 4150 singulari
1151 4070 1289 4151 positum

154 4171 339 4254 saepissime
360 4171 550 4236 substantivi
572 4168 727 4237 abstracti
755 4171 825 4236 loco
847 4172 931 4253 pcni.
984 4170 1087 4247 Quum
1117 4191 1190 4235 vero
1214 4191 1289 4254 par-
