2952 4754
676 273 717 340 39

123 463 228 547 πειν).
277 461 346 538 113,
370 461 389 524 3
412 452 605 546 (ἔρχεσθαι).
629 500 669 510 -
693 461 729 524 V.
747 461 813 540 8,8
835 456 1184 546 (παρασκευάζεσθαι).
1227 461 1265 526 V.

121 567 173 645 46,
201 567 243 631 12
268 558 453 650 (πέμπειν).

210 668 252 732 V.
275 669 307 746 8,
337 666 375 731 8:
408 663 501 753 τέχνη
534 663 570 730 δὲ
597 661 854 754 παρεσκευάζετο
892 661 1145 752 ἐπιθησόμενος.

209 771 355 850 VIIII,
381 771 436 835 11:
459 763 736 854 παρεσκευάζοντο
761 762 1019 846 ἆπσστελαῦντες
1046 762 1196 847 ὁπλίσας.
1225 808 1265 818 -

120 875 208 941 VIII.
242 876 301 952 59,
324 877 360 940 2:
394 867 651 958 παρεσκευάζετο
681 869 905 957 Τισσαφέρνης
934 867 992 948 τάς
1026 894 1063 937 τε
1088 867 1266 952 Φοινίσσας

121 981 199 1056 ναῦς
220 971 316 1058 ἄξων.

208 1080 271 1146 His
292 1079 371 1145 locis
393 1079 471 1144 satis
494 1076 633 1143 dilucide
650 1075 904 1154 demonstratur,
926 1077 1090 1162 participii
1112 1077 1170 1144 fut.
1194 1100 1266 1146 eum

122 1183 222 1250 verbo
249 1175 556 1266 παρασκευάζεσθαι
591 1179 752 1263 conjuncti
785 1180 951 1262 proprium
972 1179 1034 1246 hoe
1056 1201 1139 1260 esse,
1172 1187 1213 1247 ut
1232 1182 1266 1246 id

124 1288 230 1370 ipsum
254 1283 427 1368 significet,
462 1283 549 1366 quod
571 1288 717 1367 paratur,
755 1302 856 1364 quare
883 1281 945 1348 hoo
966 1283 1097 1349 verbum
1118 1284 1205 1350 inter
1228 1306 1266 1350 ea

126 1410 223 1473 supra
246 1388 384 1453 relatum
405 1392 468 1465 est,
504 1406 587 1470 quae
618 1385 756 1450 notionis
779 1384 986 1469 complendae
1009 1407 1106 1452 eausa
1132 1388 1166 1452 in
1189 1408 1266 1454 casu

126 1491 263 1573 subjecti
285 1491 491 1574 participium
513 1488 574 1554 sibi
598 1488 787 1574 adjungunt.

209 1594 385 1676 Pertioipio
417 1592 608 1676 praesertim
640 1590 740 1656 futuri
769 1590 905 1656 articulo
931 1591 1042 1656 addito
1078 1613 1175 1675 saepe
1211 1613 1266 1660 eas

124 1719 280 1781 personas
299 1696 348 1760 vel
369 1717 420 1760 res
442 1693 624 1777 significari,
649 1715 732 1776 quae
754 1693 796 1758 ad
812 1715 883 1759 eam
898 1693 1121 1773 conditionem,
1145 1695 1185 1761 de
1200 1717 1267 1778 qua

127 1819 231 1864 sermo
253 1805 318 1876 est,
340 1798 513 1882 praecipue
527 1798 711 1880 pertineant
732 1802 892 1880 aptasque
916 1817 955 1862 ac
969 1799 1166 1864 necessariae
1187 1799 1264 1878 sint,

125 1903 193 1986 jem
214 1923 310 1984 supra
331 1904 351 1982 g
372 1899 393 1964 5
416 1900 669 1966 demonstratum
692 1905 749 1964 est.

212 2002 407 2069 Particulam
429 2003 584 2084 denique,
618 2023 702 2085 quae
724 2008 772 2068 est
794 1995 854 2080 ὦς,
888 2002 1074 2085 saepissime
1094 2004 1267 2088 participio

128 2105 229 2171 futuri
251 2107 293 2172 ad
315 2105 559 2190 signiticandum
582 2104 747 2172 consilium
768 2111 867 2187 atque
889 2103 985 2170 finem
1007 2105 1149 2191 adjungi,
1182 2110 1202 2188 ξ
1226 2108 1266 2173 15

129 2210 283 2294 exemplis
304 2211 501 2276 illustratum
523 2215 582 2275 est.

212 2313 269 2377 De
290 2313 509 2398 participio
531 2311 675 2377 aoristi
697 2298 780 2376 haee
801 2309 915 2388 habeo,
938 2330 1021 2393 quae
1043 2311 1202 2377 adnotem.

213 2415 385 2499 Partieipio
408 2414 519 2480 coristi
541 2415 625 2480 actio
640 2412 854 2495 significatur,
877 2432 960 2495 quae
982 2413 1091 2496 aliquo
1112 2415 1265 2497 tempo1is

132 2518 301 2600 praeteriti
323 2524 481 2584 momento
509 2517 597 2582 facta
619 2521 683 2593 est,
714 2523 812 2598 atque
843 2514 906 2580 hoc
934 2515 1124 2599 plerumque
1150 2517 1198 2581 ita
1218 2516 1264 2595 fit,

131 2625 168 2685 ut
181 2619 350 2704 participio
372 2621 480 2686 acuisti
496 2619 695 2702 exprimatur
709 2619 803 2695 acti0‚
825 2639 909 2700 quae
923 2618 1041 2683 actioni
1057 2618 1153 2684 verbe
1174 2618 1265 2684 finito

129 2743 301 2806 expressae
323 2727 465 2806 tempore
480 2720 659 2788 antecedat.
703 2720 727 2786 I.
750 2721 801 2797 29,
819 2721 874 2784 14:
896 2717 956 2797 τὰς
977 2722 1053 2797 ναῦς
1074 2713 1142 2802 ἅμα
1164 2715 1265 2806 ἐπλή-

126 2849 211 2911 ρσαν,
236 2821 399 2907 ζεύξανιὲς
419 2848 455 2889 τε
469 2820 528 2901 τὰς
543 2821 688 2901 παλαιὰς
708 2819 765 2887 καὶ
789 2819 848 2900 τὰς
868 2815 1261 2901 ἅλλαςὲπισκεσάσανιες.

212 2929 331 3007 Quodsi
353 2929 450 2995 verbo
471 2928 563 2992 finito
592 2928 676 2993 actio
707 2925 817 2990 futura
840 2927 1038 3010 exprimitur,
1060 2926 1175 3009 partie.
1198 2947 1263 2991 eor.

126 3032 211 3096 idem
233 3032 338 3097 valere
360 3039 458 3114 atque
489 3030 548 3096 fut.
571 3036 720 3095 exectum
743 3029 830 3112 apud
852 3028 984 3095 Latinos
1007 3035 1040 3094 et
1062 3029 1262 3112 conjunctivo

125 3156 191 3200 aor.
215 3156 286 3200 oum
307 3141 391 3219 part.
416 3128 471 3197 ε’άν
493 3133 661 3217 conjuncto
684 3131 878 3216 respondere
901 3129 1105 3196 manifestum
1127 3138 1185 3196 est

209 3236 233 3302 I.
255 3238 306 3315 33,
328 3238 366 3302 4:
395 3229 636 3312 cerdeniense
665 3229 888 3315 δεξάμεναι...
918 3228 976 3318 τὴν
1001 3228 1094 3318 χάριν
1115 3228 1263 3320 καταθή-

124 3343 229 3405 σεσθε
251 3341 292 3420 (si
313 3340 497 3423 receperitis
519 3378 560 3388 -
582 3333 637 3403 ἐὰν
659 3335 822 3423 δέξησθε).
866 3335 915 3414 35,
939 3337 959 3401 9
982 3341 1015 3400 et
1039 3335 1094 3414 103
1117 3337 1187 3415 143,
1210 3336 1261 3404 25.

210 3443 312 3526 Saepe
333 3447 441 3508 tamen
463 3442 574 3525 partie.
598 3461 665 3506 aer.
689 3461 788 3522 quum
820 3438 992 3504 indicativo
1023 3459 1089 3504 aer.
1112 3439 1261 3524 adjungi-

125 3552 193 3623 tur,
224 3567 294 3610 eam
316 3546 474 3612 actionem
495 3543 668 3627 signifieat,
698 3564 782 3626 quae
809 3542 921 3607 eodem
943 3547 1096 3624 tempore,
1120 3564 1183 3626 quo
1206 3565 1260 3609 ae-

125 3649 169 3713 tio
190 3648 287 3713 verbo
313 3647 404 3714 finito
427 3667 586 3731 expressa,
610 3646 697 3712 faeta
718 3652 776 3726 est,
800 3653 907 3727 etque,
930 3666 993 3728 quo
1008 3646 1102 3710 modo
1124 3646 1174 3711 vel
1189 3647 1261 3728 qui-

123 3751 182 3817 bus
204 3752 424 3816 instrumentis
445 3749 635 3831 auxiliisque
648 3751 742 3814 actio
764 3749 853 3815 verbi
874 3747 927 3812 fin.
950 3746 1175 3826 coniectast,
1203 3770 1259 3814 ex-

122 3855 223 3938 ponit.
1255 3903 1258 3908 .

209 3957 232 4020 l.
255 3957 305 4034 63,
329 3957 366 4022 6:
400 3954 553 4041 παρῆλθε
586 3950 676 4038 παρὰ
703 3951 761 4041 τὴν
786 3949 883 4039 χηλὴν
912 3950 967 4017 διὰ
987 3954 1045 4038 τῆς
1066 3945 1258 4038 θαλλάσσης

122 4054 323 4144 βαλλόμενός
356 4081 392 4123 τε
420 4054 476 4122 καὶ
505 4057 668 4138 χαλεπῶς,
700 4050 829 4139 ὀλίγους
857 4053 916 4137 μέν
943 4076 1034 4131 τινας
1067 4049 1256 4136 ἀποβαλὼν,

123 4161 199 4240 τοὺς
220 4161 256 4228 δὲ
278 4157 412 4239 πλείους
438 4156 556 4237 σώσας.
600 4161 630 4239 4,
652 4160 689 4237 4;
713 4161 764 4238 41,
787 4161 877 4225 5.-1
908 4157 982 4239 108,
1007 4159 1061 4223 13:
1090 4151 1257 4243 ὁμολόγη-
