2952 4754
649 273 691 358 43

99 463 216 546 σαφῶς
237 453 369 538 διδάξας
391 454 424 522 ἓν
453 451 516 544 ἴσῳ
536 456 592 524 καὶ
614 455 709 546 εἰμὴ
732 457 929 548 ἐνεθυμήθη.
961 499 1001 510 --
1038 462 1060 526 1.
1086 463 1156 542 142,
1176 465 1235 530 22:

98 561 134 631 ἐν
156 566 203 648 aa*
224 560 268 648 μὴ
290 560 474 643 μελετῶντι.

184 664 240 731 ΙΠ.
263 664 313 742 39,
330 665 384 728 29:
406 661 503 752 τὸμὴ
525 659 671 730 ὑπεῖκον.
716 665 768 730 IV.
792 665 842 744 87,
867 665 906 732 18
914 691 922 743 3
948 667 982 732 V.
1005 667 1056 747 22,
1079 669 1109 739 2.
1152 667 1237 734 VIII.

97 771 131 848 2,
154 769 175 833 3
198 774 230 832 et
251 765 329 832 alibi
350 769 478 850 passim.

186 870 221 954 3)
244 869 407 935 Particula
427 865 482 955 μή,
506 891 605 954 quum
626 870 807 953 imperativi
829 872 871 938 sit
893 873 1030 956 negatio,
1053 872 1141 955 apud
1162 893 1239 956 par-

98 974 248 1057 ticipium
269 971 438 1049 invenitur,
461 973 586 1055 quoties
608 973 831 1056 imperativum
844 974 942 1040 habet
961 997 1088 1042 sensum
1109 975 1175 1041 sive
1197 975 1239 1042 ab

98 1077 290 1160 imperativo
313 1075 414 1141 aliove
438 1077 579 1160 ejusdem
601 1076 842 1160 significationis
863 1077 1017 1144 vocabulo
1038 1079 1167 1162 pendet.

186 1179 210 1244 I.
234 1177 305 1257 124,
330 1179 384 1242 11:
406 1174 606 1266 ψηφίσασθε
634 1176 690 1243 τὸν
712 1174 874 1260 πόλεμον,
904 1175 948 1266 μὴ
977 1178 1181 1268 φοβηθέντες
1201 1175 1240 1246 τὸ

103 1276 220 1348 αὐτίκα
242 1277 356 1347 δεινόν.
400 1282 440 1347 Π.
463 1284 513 1362 87,
537 1284 586 1348 31.
628 1281 683 1348 ΠΙ.
704 1281 756 1358 40,
781 1283 832 1348 34.

189 1385 213 1448 Ι.
236 1385 290 1461 82,
312 1384 349 1450 4ι
384 1381 502 1450 κελεύω
530 1382 677 1465 πέμπειν
706 1381 761 1448 καὶ
798 1378 975 1452 αἰτιᾶσθαι
994 1381 1076 1474 μήτε
1097 1383 1242 1469 πόλεμον

105 1481 184 1573 λλμαν
200 1486 375 1573 δηλοῦντας
389 1482 471 1574 μηθ’
494 1482 538 1565 ὥς
560 1483 791 1573 ἐπιτρέψομεν.
813 1488 932 1556 ibidem
948 1490 985 1554 9:
1015 1483 1243 1577 α’νεπέφθονον

102 1589 148 1677 μὴ
163 1585 319 1676 Ἕλληνας
340 1586 448 1672 μόνον,
469 1583 552 1655 ἀλλὰ
575 1586 630 1654 καὶ
652 1585 835 1674 βαρβάρους
858 1588 1105 1674 προσλαβόντας
1127 1591 1243 1657 διασω-

103 1698 216 1782 θῆναι.
238 1733 279 1740 -
301 1692 355 1758 ΙΙΙ.
376 1693 428 1770 42,
449 1694 507 1772 24;
529 1694 580 1770 39,
603 1693 661 1769 27;
691 1694 742 1770 37,
771 1695 811 1758 27
842 1693 906 1778 (his
933 1695 1010 1760 locis
1036 1690 1081 1782 μή
1104 1696 1242 1779 positum

106 1805 156 1864 est
176 1803 309 1882 propter
329 1817 438 1861 vocem
458 1791 529 1882 χρή,
553 1817 636 1878 quac
658 1796 848 1878 praecedit).

192 1901 226 1985 4)
248 1899 350 1983 Saepe
365 1899 524 1983 particula
544 1894 589 1984 μή
611 1899 652 1964 ob
673 1919 744 1966 eam
759 1899 859 1964 solam
881 1902 1037 1966 rationem
1058 1901 1164 1985 posita
1185 1905 1243 1979 cst,

109 2005 185 2087 quia
205 2004 292 2069 notio
315 2001 484 2086 participio
511 2021 660 2084 expressa
681 2003 903 2068 tantummodo
927 2004 1138 2086 cogitatur.

192 2106 214 2171 I.
237 2106 286 2183 74,
310 2105 368 2170 27ε
397 2099 491 2168 ου’δὲν
517 2094 557 2167 tir
578 2100 628 2170 ἔτι
653 2100 721 2170 ἔδει
749 2099 832 2185 ὑμᾶς
857 2100 901 2190 μὴ
924 2100 1056 2186 &onoc
1077 2109 1153 2182 ναῦς
1176 2099 1246 2170 λκα-

107 2204 164 2287 νὰς
187 2210 367 2290 ναυμαχεῖν.
413 2207 462 2284 76,
485 2206 522 2270 4:
550 2195 584 2270 εὖ
606 2199 700 2289 ἴσμεν
727 2202 771 2293 μὴ
794 2198 833 2270 ἂν
854 2195 956 2292 ἧσσον
977 2202 1061 2290 ὑμᾶς
1083 2206 1247 2295 λυπηροὺς

107 2310 313 2396 γενομένους.
327 2358 351 2375 ..

195 2413 235 2478 Π.
257 2415 287 2491 2,
309 2414 365 2479 2οε
409 2409 581 2494 ἐβούλοντο
602 2407 660 2498 τὴν
682 2408 854 2475 Πλάταιαν
880 2412 929 2476 ἔτι
951 2409 985 2477 έν
1007 2407 1114 2501 εἰρήνῃ
1135 2437 1171 2478 τε
1192 2410 1248 2478 καὶ

113 2520 170 2579 τοῦ
194 2514 338 2596 πολέμου
366 2510 467 2600 μήπω
496 2517 635 2600 φανεροῦ
662 2516 872 2591 καθεστῶτος
901 2515 1163 2599 προκαταλαβεῖν
1192 2515 1248 2600 (cf.

115 2619 214 2684 Class.
243 2619 286 2683 ad
313 2618 343 2684 h.
363 2618 410 2704 1.).
454 2617 493 2686 Π.
519 2619 573 2697 17,
609 2619 657 2694 15,
701 2615 754 2681 IV.
780 2618 834 2698 10,
871 2619 1088 2698 12;13,·73,
1119 2619 1166 2683 14.
1209 2618 1248 2684 V.

111 2723 163 2804 60,
185 2722 236 2790 25.

197 2825 300 2904 Quum
327 2823 489 2907 particula
520 2816 564 2907 μή
597 2821 822 2904 cogitationem
847 2823 893 2887 rei
921 2829 1026 2906 neget,
1053 2826 1249 2903 minimest,

111 2951 205 2994 usum
226 2928 407 3004 invaluisse,
431 2933 468 2992 ut
483 2923 689 3008 participium
712 2946 783 2990 cum
798 2924 958 3007 particula
978 2918 1023 3001 ὡς
1045 2926 1250 3010 conjunctum

111 3053 238 3114 semper
260 3030 327 3096 fere
343 3027 535 3116 particulam
558 3021 595 3091 oo’
617 3029 677 3092 sibi
693 3027 856 3111 adjungat.
900 3026 946 3092 Ut
967 3033 1074 3092 autem
1089 3029 1250 3112 intelliga-

110 3157 192 3212 mus,
217 3155 273 3198 cur
294 3133 364 3199 fieri
386 3133 496 3214 possit,
527 3132 559 3194 in
581 3127 742 3212 particula
769 3126 813 3207 ὡς
840 3131 981 3196 nativam
1004 3131 1251 3214 comparationis

48 3296 51 3302 .
109 3239 175 3304 vim
205 3239 309 3302 inesse
337 3234 500 3300 reeordari
530 3232 697 3310 debemus,
727 3233 774 3298 ita
796 3239 832 3297 ut
854 3235 1060 3317 participium
1083 3255 1154 3299 cum
1176 3255 1252 3317 par-

108 3339 213 3406 ticula
235 3333 280 3416 υλς
312 3340 517 3423 conjunctum
548 3337 582 3400 in
610 3335 862 3402 enuntiationem
893 3338 1141 3420 comparativam
1174 3337 1252 3402 solvi

109 3443 224 3526 possit.
269 3440 510 3524 comparativae
538 3443 645 3503 autem
675 3439 910 3504 enuntiationes
943 3439 1147 3523 negationem
1169 3459 1252 3522 qnae

111 3553 161 3610 est
175 3538 214 3608 οὐ
230 3544 409 3625 requirunt,
433 3543 518 3626 quia,
541 3543 567 3607 si
589 3563 656 3606 rem
671 3547 821 3607 accurate
837 3542 1083 3620 consideramus,
1105 3564 1166 3620 res,
1189 3564 1253 3608 non

111 3669 220 3712 rerum
244 3647 454 3728 cogitationes
476 3652 643 3728 negantur.

197 3748 254 3813 ΙΙΙ.
275 3750 308 3826 4,
334 3749 388 3812 15:
412 3742 456 3824 ὡς
478 3751 571 3832 σφῶν
593 3741 686 3810 οὐδὲν
709 3739 968 3831 νεωτεριοιέντων.

199 3854 256 3929 33,
279 3852 313 3916 5:
357 3846 452 3916 έπλει
474 3846 529 3914 διὰ
555 3853 614 3913 τοῦ
637 3845 797 3932 πελάγους
819 3841 863 3924 ὠς
883 3851 923 3935 γῇ
944 3840 1097 3925 ἀκούσιος
1117 3841 1155 3913 οὗ
1178 3843 1254 3934 σχή-

109 3980 189 4024 σων.
233 3953 288 4020 111.
311 3955 362 4029 27,
386 3954 437 4018 21.
481 3951 503 4018 Ι.
526 3951 577 4029 28,
599 3952 628 4015 4.
670 4029 673 4034 ,

198 4051 245 4141 μή
266 4058 427 4120 invenitur
459 4055 482 4120 I.
509 4055 583 4130 120,
620 4055 675 4118 12;
709 4050 794 4139 (χρὴ)
827 4055 892 4116 τῶν
922 4055 978 4116 νῦν
1007 4049 1184 4136 λεγομένων
1209 4049 1253 4137 μὴ

107 4157 234 4236 κακοὺς
263 4157 375 4244 κριτὰς
396 4151 440 4235 ὥς
460 4153 504 4243 μὴ
533 4151 763 4242 προσηκόντων
785 4145 867 4220 εἶναι
890 4151 948 4242 (μή
964 4162 1096 4242 propter
1117 4157 1256 4237 impera-
