2952 4754
670 291 712 357 45

114 499 265 562 pressam
287 479 457 561 participio
479 479 567 543 vario
599 479 692 544 modo
715 482 895 546 accuratius
924 482 1050 548 definiri
1077 490 1175 567 atque
1197 487 1259 550 cir-

117 579 303 658 cumscribi,
326 581 410 645 unde
431 586 536 663 patet,
561 582 725 665 complura
739 584 911 667 participia
927 585 1030 650 eidem
1051 588 1147 654 verbo
1168 590 1258 654 finito

115 707 215 770 posse
230 685 369 769 adjungi.
414 683 502 760 Quae
524 685 695 768 participia
717 687 744 749 si
765 686 908 768 ejusdem
929 694 1004 753 sunt
1024 693 1165 774 generis,
1189 693 1258 776 ple-

115 809 257 871 rumque
279 786 552 868 conjunctionibus
575 786 624 852 vel
651 787 838 870 copulativis
864 790 915 856 vel
945 791 1152 860 adversativis
1174 796 1259 861 inter

114 913 153 956 se
176 890 386 974 copulantur,
416 910 478 954 non
500 889 603 954 solum
625 891 705 954 siin
727 891 847 971 eodem,
870 893 1056 975 sedetiam,
1091 897 1118 962 si
1146 900 1180 962 in
1212 899 1258 962 di·

115 1015 213 1060 verso
236 1014 314 1058 casu
336 993 442 1075 posita
464 999 548 1056 sunt.
656 1043 660 1052 .
918 1012 920 1018 ¹

205 1097 407 1175 l.101,11:
447 1090 567 1159 Θάσιοι
588 1092 624 1159 δὲ
650 1091 749 1182 τρίτῳ
777 1091 843 1163 ἔτει
871 1096 1139 1183 πολιορκούμενοι
1168 1096 1257 1184 ὠμο-

118 1196 260 1287 λόνησαν
284 1192 477 1284 Ἀθηναίοις
508 1193 613 1278 τεῖχός
646 1196 952 1279 τεκαδελύντες
976 1199 1049 1267 καὶ
1077 1207 1153 1281 ναῖς
1183 1228 1256 1269 πα-

122 1300 323 1388 ραὲδόντες,
352 1295 499 1388 χρήματά
521 1323 561 1365 τε
581 1295 644 1365 ὅσα
666 1297 733 1367 ἔδει
753 1295 934 1370 άποδούναι
956 1301 1072 1372 αὐτίκα
1092 1302 1256 1389 ταξάμε-

121 1428 183 1471 νοι
203 1403 257 1470 καὶ
278 1401 317 1470 τὸ
339 1403 459 1469 λοιπὸν
479 1400 605 1488 φέρειν,
635 1399 704 1490 τήν
738 1427 780 1470 τε
807 1399 943 1491 ἤπειρον
964 1404 1020 1472 καὶ
1040 1403 1079 1472 τὸ
1097 1407 1258 1490 μέταλλον

120 1502 299 1594 άφέντες.
315 1545 356 1554 -—
381 1508 450 1584 117,
470 1507 509 1570 16
532 1506 631 1592 (ca-
645 1503 754 1570 καὶ-
770 1505 876 1572 καὶ-
891 1506 971 1595 καὶ).
1015 1510 1056 1575 ΙΙ.
1069 1513 1097 1591 7,
1113 1511 1135 1574 4
1156 1513 1205 1594 (τε
1220 1553 1255 1562 -

119 1614 180 1697 τε).
217 1611 372 1687 VI.83,1
397 1603 528 1694 (άμα-
545 1603 638 1694 ἅμα).
682 1608 735 1674 VI.
752 1612 840 1688 922
863 1609 983 1696 (μέν-
1000 1612 1061 1699 δὲ).
1105 1615 1257 1695 I.124,1:

118 1710 204 1780 ὥστε
227 1708 437 1794 πανταχόθεν
459 1711 564 1788 καλῶς
585 1705 766 1792 ὑπάρχον
787 1709 863 1795 ύμῖν
884 1714 1041 1796 πολεμεῖν
1062 1713 1129 1781 καὶ
1150 1713 1257 1805 ἡμῶν

118 1815 199 1884 τάδε
235 1820 326 1903 κοινῇ
354 1809 740 1901 παραινούντων...
763 1813 808 1903 μὴ
829 1816 973 1899 μέλλετε.
1010 1856 1050 1868 -
1087 1819 1126 1884 H.
1148 1822 1199 1899 59,
1222 1823 1257 1887 4:

119 1919 177 1986 τὸν
197 1916 361 2006 Περικλέα
382 1913 416 1984 ἓν
442 1911 533 2004 αἰτίᾳ
556 1909 642 1998 εἶχον
664 1913 709 1995 ὥς
729 1914 891 1984 πείσαντα
915 1925 1002 2008 σφοῖς
1024 1923 1181 2004 πολεμεῖν
1202 1923 1258 1989 καὶ

119 2019 163 2090 δι’
184 2019 305 2090 ἐκεῖνον
337 2023 409 2099 ταῖς
443 2021 623 2105 ξυμφοραῖς
657 2019 957 2105 περιπεπτωκότες.
994 2063 1034 2074 -
1070 2026 1124 2092 ΙΠ.
1146 2029 1197 2107 53,
1219 2029 1257 2107 9;

118 2127 171 2206 55,
193 2129 228 2206 5;
250 2127 301 2205 ce,
327 2126 376 2190 α.
420 2123 457 2190 u.
480 2123 531 2199 cc,
556 2123 605 2188 11.
649 2123 716 2189 vu.
737 2125 789 2204 ετ,
811 2126 840 2191 4.
973 2172 978 2182 ,

202 2230 254 2295 Ita
275 2230 371 2295 etiam
392 2247 489 2310 saepe
504 2227 675 2310 participia
690 2228 861 2312 conjuncta
882 2237 916 2296 et
937 2230 1084 2298 absoluta
1106 2233 1256 2316 conjunc-

120 2332 262 2400 tionibus
284 2330 473 2414 copulativis
493 2331 578 2394 inter
599 2349 632 2394 se
656 2331 900 2415 conjunguntur.

203 2434 256 2500 VI.
276 2435 326 2512 93,
347 2434 383 2498 4:
405 2428 661 2518 ἐπερρώσθησαν
683 2427 872 2514 διδάξαντος
891 2437 993 2499 ταῦτα
1014 2431 1136 2501 ἕκαστα
1156 2429 1256 2503 alveo

122 2534 178 2602 καὶ
209 2530 395 2619 νομίσαντες
422 2530 513 2618 παρά
544 2538 602 2599 τοῦ
634 2532 826 2620 σαφέστατα
858 2530 985 2614 εἰδότος
1009 2532 1190 2625 ἀκηκοέναι.
1215 2579 1253 2590 -

121 2641 147 2708 Ι.
169 2641 261 2718 2,4;
293 2638 407 2718 9,15;
438 2639 489 2718 65,
510 2640 546 2715 23
580 2639 634 2718 67,
657 2639 687 2703 2.
732 2638 770 2703 ll.
792 2639 907 2717 25,l'›;
942 2641 993 2720 28,
1016 2641 1045 2706 3.
1087 2644 1141 2710 IV.
1165 2646 1194 2724 6,
1216 2647 1254 2725 53

118 2743 295 2822 8,18etc.
1009 2754 1010 2758 ’

201 2848 236 2932 2)
260 2845 383 2910 Diversi
405 2864 534 2926 quoque
555 2845 680 2926 generis
708 2845 880 2928 participia
901 2847 1178 2931 conjunctionibus
1201 2871 1254 2916 co·

116 2948 268 3033 pulativis
289 2948 450 3014 interdum
473 2947 672 3030 copulantur.

202 3051 226 3115 Ι.
248 3051 306 3128 26,
336 3050 393 3113 17:
438 3050 667 3132 στρατεύουσιν
694 3042 749 3114 ἐπ’
777 3043 892 3129 αύτούς
920 3046 952 3116 οῖ
985 3056 1252 3137 Κερκυραῖοι...

113 3150 285 3237 μετὰτῶν
306 3149 457 3240 φυγάδων
471 3145 516 3228 ὥς
536 3148 727 3232 κατάξοντες
748 3150 803 3217 καὶ
824 3150 900 3230 τοὺς
918 3147 1087 3240 Ἰλλυρῖους
1109 3157 1254 3242 προσλα-

112 3261 254 3425 βοπειςυ.
276 3360 326 3439 32,
351 3360 378 3423 1.
421 3357 459 3423 v.
482 3358 532 3436 ετ,
555 3357 584 3436 5,
628 3357 697 3423 vn.
720 3359 772 3437 53,
796 3317 844 3424 ευ.

200 3462 318 3528 Mirum
339 3466 398 3540 est,
420 3461 582 3526 interdum
607 3461 669 3526 duo
692 3461 871 3545 participia,
895 3482 1032 3544 quorum
1052 3462 1191 3528 alterum
1210 3461 1253 3528 ab

119 3567 220 3632 altero
243 3567 373 3651 pendet,
408 3564 684 3648 conjunctionibus
717 3563 905 3650 copulatius
932 3565 1017 3629 inter
1037 3586 1071 3630 se
1094 3565 1252 3648 conjungi,

118 3691 213 3753 quem
235 3692 328 3736 usum
349 3667 551 3733 Hermannus
580 3666 707 3750 Sauppe
729 3667 911 3732 accuratius
934 3667 1105 3750 explicavit
1125 3669 1159 3732 in
1180 3689 1253 3733 ann.

114 3773 194 3856 phil.
216 3778 251 3839 et
272 3773 365 3855 paed.
391 3771 472 3836 1832
494 3770 547 3836 VI.
569 3770 627 3848 63,
651 3769 706 3834 ubi
729 3769 882 3853 ejusmodi
902 3771 1074 3852 participia
1094 3768 1253 3852 particula

112 3872 171 3941 καί
194 3875 340 3959 copulari
361 3875 463 3951 docet,
486 3875 513 3939 si
535 3873 681 3956 neglecta
696 3872 930 3956 quodammodo
953 3875 1146 3949 curatione,
1169 3893 1253 3955 quae

112 3981 201 4045 iuter
224 3979 304 4044 haec
324 3976 495 4060 participia
516 3975 702 4052 intercedat,
725 3975 867 4040 actiones
895 3975 1063 4057 participio
1085 3995 1253 4057 expressas

112 4089 284 4168 separatas
311 4081 403 4164 quasi
431 4081 516 4146 inter
538 4100 571 4144 se
593 4085 691 4160 atque
713 4076 856 4160 singulas
876 4097 936 4159 per
967 4096 1001 4141 se
1029 4075 1112 4143 solas
1135 4080 1252 4160 cogite·

111 4208 186 4252 mus
209 4192 309 4267 atque
331 4185 553 4266 exprimamus.
597 4180 652 4246 Sin
673 4200 747 4245 vcro
768 4180 925 4244 rationem
947 4199 1035 4256 eam,
1063 4200 1147 4262 quae
1168 4181 1253 4245 iuter
