2952 4754
752 241 794 307 22

205 436 344 502 efficilur
368 433 432 512 (IV.
458 433 507 509 11,
532 432 584 495 19:
616 426 695 512 ἐβόα
717 427 816 511 λέγων
847 422 892 503 ὡς
913 420 970 491 οὐκ
992 419 1079 500 εἰκὸς
1101 416 1150 508 εἴη
1176 472 1184 487 .
1210 473 1217 487 .
1241 419 1349 499 ,τοὺς

206 531 385 618 πολεμίους
413 532 446 598 ἐν
468 537 507 618 τῇ
527 528 615 617 χώρᾳ
637 530 797 616 περιιδεῖν
819 533 924 610 τεῖχος
946 524 1214 612 πεποιημένους).
1272 545 1276 554 ’

291 637 515 719 Participio
548 654 672 716 praes.
697 655 764 698 rem
792 633 969 716 perdurare
999 629 1212 712 significatur:
1245 628 1270 692 l.
1293 629 1348 704 24,

209 741 262 805 17:
299 735 447 820 δεόμενοι
479 732 523 822 μὴ
552 738 641 820 σφᾶς
670 738 826 822 περιορᾷν
853 735 1100 819 φθειρομένους.
1152 731 1176 798 I.
1206 731 1258 806 25,
1293 731 1349 806 10;

208 844 258 920 86,
283 844 311 907 7.
348 840 417 905 VII.
442 840 470 917 6,
495 840 524 904 3.
561 837 644 901 VIII.
667 837 717 913 40,
741 836 770 903 5.
815 836 862 900 of.
887 835 985 900 Olass.
1009 835 1052 900 ad
1073 833 1113 900 11.
1138 835 1187 910 18,
1209 833 1260 897 21.

291 943 379 1008 inter
407 941 611 1025 participium
646 939 784 1020 denique
822 943 856 1002 et
884 937 1076 1001 infinitivum
1107 935 1170 1000 hoc
1203 937 1350 1012 interest,

207 1051 245 1112 ut
266 1048 421 1131 περιορᾷν
444 1065 515 1108 cum
535 1042 704 1124 participio
726 1041 846 1104 valeat:
868 1060 936 1104 rem
957 1040 1026 1104 fieri
1049 1038 1113 1123 (vel
1128 1037 1248 1102 factam
1264 1037 1351 1120 esse)

207 1169 270 1213 uon
302 1144 422 1224 curare,
451 1146 621 1228 negligere,
652 1145 808 1230 περιορᾷν
832 1163 903 1207 cum
925 1141 1081 1206 infinitivo
1112 1147 1236 1205 autem:
1268 1142 1350 1223 pati,

208 1251 394 1334 permittere
416 1249 558 1330 aliquam
581 1267 649 1311 rem
671 1245 749 1309 fieri.

292 1351 384 1416 Adn.
427 1351 532 1414 Etiam
554 1349 635 1413 haec
663 1344 770 1423 verba,
805 1364 888 1426 ques
920 1344 983 1409 hac
1013 1348 1034 1426 ξ
1060 1345 1098 1409 12
1130 1343 1231 1408 allata
1264 1351 1350 1421 sunt,

207 1452 412 1536 participium
441 1453 473 1514 in
502 1472 579 1516 casu
607 1447 743 1533 subjecti
765 1445 826 1511 sibi
848 1446 1037 1529 adjungunt,
1072 1447 1197 1529 quoties
1230 1452 1288 1511 aut
1317 1449 1352 1510 in

208 1554 333 1637 passivo
355 1559 519 1636 ponuntur
545 1560 602 1619 aut
624 1550 802 1634 subjectum
828 1554 860 1613 et
882 1547 1042 1632 objectum
1064 1548 1097 1612 in
1120 1548 1254 1612 eandem
1276 1568 1353 1631 per-

209 1677 320 1722 sonam
342 1655 472 1720 cadunt.

734 1836 754 1913 a
778 1833 827 1897 13.

295 1955 448 2039 Exposito
463 1958 502 2035 ἐξ
517 1953 623 2017 6-12
639 1973 675 2017 eo
691 1953 854 2034 participii
866 1952 1084 2034 praedicative
1100 1953 1178 2018 dicti
1194 1973 1264 2030 usu,
1288 1975 1354 2034 quo

210 2059 416 2144 participium
438 2057 535 2122 verbo
559 2055 663 2132 alicui,
688 2056 778 2136 cujus
800 2055 888 2118 notio
911 2076 1023 2137 perse
1046 2055 1117 2138 ipsa
1139 2077 1201 2121 non
1227 2063 1276 2121 est
1295 2055 1353 2120 ab·

209 2160 316 2226 soluta
336 2165 435 2240 atque
457 2156 610 2241 perfecta,
634 2155 831 2238 adjunctum,
845 2158 1011 2221 ‘enuntiati
1033 2159 1256 2240 praedicatum
1277 2178 1355 2223 con-

210 2262 325 2337 stituit,
349 2267 550 2326 transeamus
573 2259 616 2322 ad
639 2257 776 2322 alterum
798 2279 901 2334 usum,
937 2280 1001 2340 quo
1031 2261 1190 2325 enuntiati
1219 2259 1355 2342 alicujus

211 2363 394 2430 secundarii
416 2361 486 2426 loco
509 2363 649 2444 positum
679 2360 840 2425 actionem
862 2360 958 2424 verbo
980 2361 1071 2426 finito
1094 2383 1277 2445 expressam
1298 2383 1355 2426 va-

210 2467 259 2531 rio
282 2465 377 2529 modo
400 2464 581 2529 accuratius
604 2462 716 2528 definit
738 2471 837 2546 atque
860 2465 1100 2530 circumscribit.
1143 2464 1217 2529 Iam
1238 2467 1258 2546 ξ
1280 2465 1311 2540 4,
1334 2463 1354 2526 3

211 2567 417 2651 participium
439 2566 638 2632 substantivo
660 2567 708 2631 ita
722 2566 920 2649 adjunctum,
944 2573 981 2632 ut
1002 2573 1060 2631 aut
1073 2566 1245 2632 articulum
1261 2587 1356 2649 prae-

213 2671 308 2736 cedat
330 2677 387 2734 aut
409 2668 642 2735 substantivum
666 2689 731 2733 non
753 2669 890 2750 repetito
913 2670 1049 2734 articulo
1073 2675 1236 2752 sequatur,
1260 2689 1357 2753 prae·

214 2773 351 2838 dicatire
385 2771 607 2853 accipiendum
640 2791 709 2835 esse
738 2771 950 2852 exposuimus.
1003 2770 1106 2836 Multo
1129 2779 1238 2836 autem
1258 2772 1357 2838 latius

213 2880 306 2959 patet
327 2874 364 2950 is,
389 2873 428 2935 de
451 2893 515 2953 quo
537 2892 623 2936 nunc
646 2872 762 2936 dicturi
784 2893 902 2948 sumus,
926 2892 1014 2950 usus,
1048 2894 1111 2955 quo
1133 2875 1357 2939 adactionem

213 2975 311 3040 verbo
339 2973 431 3039 finito
465 2994 650 3056 expressam
677 2975 765 3038 vario
796 2973 890 3038 modo
920 2974 1132 3040 definiendam
1167 2981 1266 3058 atque
1294 2977 1358 3041 cir-

215 3076 489 3143 cumscribendam
511 3077 681 3159 participia
702 3075 899 3142 adhibentur
920 3077 1059 3159 ideoque
1081 3078 1269 3144 adverbum
1283 3079 1358 3143 fini·

215 3189 284 3246 tum
314 3180 445 3262 propius
473 3180 637 3261 pertinent
667 3199 764 3261 quam
797 3179 838 3242 ad
867 3179 1109 3257 substantivum,
1145 3203 1208 3262 quo
1237 3181 1282 3258 fit,
1321 3189 1358 3246 ut

216 3284 356 3349 medium
379 3283 540 3364 quendam
561 3281 666 3347 locum
691 3283 777 3346 iuter
804 3281 1028 3358 attributivum
1051 3288 1084 3346 et
1104 3283 1358 3365 praedicativum

216 3406 308 3452 usum
336 3390 484 3460 teneant,
518 3404 613 3465 quem
646 3405 739 3448 usum
768 3383 952 3465 Kruegerns
985 3383 1073 3447 haud
1102 3385 1210 3467 inepte
1232 3386 1360 3450 videtur

217 3488 431 3571 appositivum
452 3503 575 3548 vocare.
618 3484 721 3561 Quum
744 3507 818 3550 vero
842 3506 889 3561 ea,
913 3505 997 3565 quae
1019 3484 1059 3548 de
1081 3489 1261 3571 participiis
1283 3510 1360 3553 con-

213 3591 335 3673 junctis
368 3588 429 3652 hoc
461 3586 555 3649 modo
589 3587 751 3669 usurpatis
786 3587 923 3651 dicenda
952 3593 1036 3663 sunt,
1072 3589 1168 3670 plene
1198 3591 1295 3656 etiam
1320 3592 1360 3656 de

219 3690 399 3775 participiis
421 3687 576 3752 absolutis
599 3688 735 3766 valeant,
769 3689 857 3753 haud
885 3690 1030 3771 ineptum
1052 3690 1153 3755 visum
1176 3698 1234 3769 est,
1257 3695 1359 3776 parti·

220 3794 295 3875 cipii
318 3799 351 3856 et
374 3791 534 3873 conjuncti
556 3796 589 3854 et
611 3790 750 3855 absoluti
772 3791 925 3856 hocloco
948 3791 1095 3873 exempla
1120 3793 1212 3858 simul
1236 3793 1360 3860 afferre.

219 3893 420 3959 Referendae
455 3892 552 3956 etiam
585 3898 661 3957 sunt
692 3913 748 3956 eae
777 3893 965 3974 particulae,
1004 3915 1088 3976 quae
1110 3893 1160 3958 his
1182 3898 1362 3980 participiis

221 3996 263 4061 ad
288 4017 358 4060 eam
380 3995 547 4073 rationem,
581 4017 663 4076 quae
685 3995 770 4059 inter
792 3997 997 4078 participium
1029 4001 1062 4059 ct
1083 3995 1213 4061 verbum
1235 3996 1361 4064 finitum

221 4097 402 4174 intercedit,
424 4099 606 4163 accuratius
628 4095 872 4180 significandam
894 4118 989 4180 saepe
1010 4098 1239 4181 adjunguntur.
