2952 4754
177 517 427 604 ταπεμπόμενοι
437 510 528 609 ἦσαν.
550 522 579 599 3,
599 521 631 586 1:
646 510 728 609 ἦσαν
739 516 798 607 μὰρ
809 518 1138 631 φταλαιπωρημένοι.
1155 557 1196 566 -
1211 519 1262 597 44,
1275 521 1310 585 9:
1325 509 1329 517 ’

108 667 111 671 -
177 621 211 700 ές
225 620 263 688 τὸ
278 621 396 690 λοιπὸν
411 623 570 712 ξυμφέρον
586 620 725 692 έσεσθαι
742 623 916 713 (ξυμφέρον
931 624 1123 708 adjectivum
1137 623 1233 706 plane
1243 622 1310 688 fao-

178 733 245 791 tum
267 732 339 812 est).
382 729 433 807 52,
450 729 487 793 6:
510 722 675 815 εἰρημένον
696 727 756 814 γὰρ
770 722 809 818 ήν
824 723 912 811 αδτῷ
923 765 963 774 -
978 728 1025 792 ita
1039 731 1127 790 recto
1142 724 1310 808 legendum

176 851 243 896 esso
258 839 387 898 censent
398 834 463 910 Kr,
476 833 532 909 01,
549 832 691 898 Stahlius
704 839 815 898 contra
827 829 981 895 Gobetum
998 836 1031 894 et
1041 829 1308 894 Herwerdenium.

259 934 284 1000 I.
306 938 357 1013 47,
380 935 413 999 6:
437 931 496 1000 ἐπὶ
516 939 557 1022 τῇ
577 931 755 1022 Λευκίμμη
772 984 779 997 .
797 984 804 998 .
825 930 843 996 ὁ
860 929 959 1011 πεζὸς
980 920 1018 1017 ήν
1039 927 1094 995 καί
1116 925 1309 995 Ζακυνθίων

172 1032 273 1118 χίλιοι
308 1031 447 1102 ὁπλῖται
474 1034 716 1123 βεβοηθηκότες
743 1036 797 1119 (ex
826 1034 1028 1101 antecedenti
1055 1023 1093 1120 ἦν
1121 1023 1203 1120 ἦσαν
1233 1055 1309 1116 eup-

175 1141 327 1225 plendum
350 1145 417 1220 est).
461 1142 512 1218 47,
535 1141 569 1205 8:
591 1130 673 1225 ἦσαν
694 1132 1035 1224 παραβεβοηθηκότες.

260 1240 313 1306 IV.
337 1242 388 1320 θλ,
414 1244 466 1308 1οε
497 1234 580 1308 εἶναι
601 1236 813 1326 καθεστηκός.
860 1241 930 1317 109,
952 1239 988 1304 5:
1020 1233 1091 1302 έστι
1112 1234 1307 1323 προέχουσα.

175 1343 212 1408 V.
236 1346 264 1422 λ,
287 1346 343 1409 2οε
365 1344 555 1432 κεκλημέναι
576 1369 612 1410 τε
631 1336 713 1433 ἦσαν
735 1347 842 1407 πᾶσαι
865 1347 922 1421 (sc.
945 1337 1070 1420 πύλαι).
1114 1341 1164 1419 41,
1187 1343 1243 1406 23:
1272 1337 1309 1428 ήν

175 1441 352 1532 ἀρέσκοντα
380 1437 409 1535 ᾗ.
460 1450 511 1530 61,
542 1449 595 1518 19:
612 1489 613 1494 κ
628 1445 709 1535 ἦσαν
738 1441 888 1528 κείμενοι.
948 1443 1001 1509 VI.
1030 1445 1081 1521 29,
1111 1445 1147 1509 3:
1181 1438 1309 1529 εἰργασ·

173 1549 270 1632 μένος
289 1540 337 1638 ήν.
381 1552 433 1630 50,
458 1552 515 1616 16:
538 1545 573 1616 εί
588 1575 622 1616 τι
644 1545 792 1616 ναυτικόν
815 1545 886 1613 ἔστι
910 1546 1194 1628 καθειλκυσμένον.
1238 1546 1306 1612 VII.

174 1653 225 1730 50,
248 1653 305 1718 30:
326 1643 364 1740 ἦν
386 1649 628 1739 προσκείμενος.

260 1755 332 1819 Huc
361 1776 425 1820 non
459 1764 508 1821 est
531 1776 602 1820 cum
625 1754 786 1819 Classenio
818 1751 1005 1818 referendus
1039 1751 1138 1829 locun,
1171 1753 1227 1833 qui
1257 1757 1308 1818 est

174 1854 325 1934 Vnica,
344 1857 398 1936 10,
422 1858 476 1922 ubi
497 1852 628 1943 ἥκοντες
650 1877 713 1921 non
736 1877 807 1920 cum
828 1855 925 1920 verbo
946 1848 1027 1938 ἦσαν
1043 1853 1308 1937 conjungendum,

174 1959 231 2022 sed
252 1957 458 2041 participium
481 1979 562 2037 esse,
594 1980 653 2042 pro
675 1958 839 2023 enuntiato
861 1956 994 2020 relativo
1016 1959 1169 2037 positum,
1199 1955 1309 2020 dicen-

176 2060 251 2124 dum
273 2065 330 2126 cst.
386 2061 435 2124 Ad
458 2060 679 2146 complendam
701 2063 864 2126 notionem
884 2059 927 2124 ad
948 2056 1080 2123 verbum
1105 2047 1187 2144 ἦσαν
1209 2079 1309 2123 enun-

173 2162 288 2227 tiatum
309 2162 487 2240 relativum,
512 2164 598 2245 quod
621 2171 671 2230 oct
693 2153 744 2241 οἷς
765 2157 939 2247 προείρητο
960 2159 1236 2226 ...referendum
1252 2165 1308 2226 est.

257 2263 321 2330 Sed
354 2266 415 2330 hac
445 2272 610 2332 structura
632 2266 834 2352 Thucydides
867 2270 1001 2348 excepto
1035 2284 1098 2328 uno
1130 2263 1216 2342 loco,
1252 2265 1308 2345 qui

173 2373 223 2432 ost
243 2367 296 2431 VI.
319 2367 368 2446 76,
392 2368 428 2432 8:
450 2361 568 2452 οὐγὰρ
590 2363 629 2454 δή
651 2362 805 2451 εὔλογον.
829 2417 836 2432 .
860 2417 866 2431 .
890 2368 947 2451 (so.
970 2359 1100 2450 αίτοδς)
1123 2363 1309 2441 Χαλκιδέας

173 2467 438 2550 δουλωσαμένους
467 2464 564 2550 ἔχειν,
598 2491 662 2535 non
688 2477 725 2536 ut
752 2479 868 2554 poetae
896 2470 1011 2552 tragici
1038 2470 1085 2532 ite
1116 2469 1232 2545 utitur,
1269 2475 1307 2534 ut

173 2584 261 2636 mera
296 2572 338 2636 eit
370 2572 608 2636 circumlocutio
640 2593 698 2655 pro
728 2573 846 2636 aoristo
875 2572 925 2637 vel
955 2571 1099 2654 perfeeto
1128 2572 1244 2653 posita,
1272 2571 1307 2634 id

172 2673 258 2754 quod
280 2674 351 2758 ipsa
371 2674 459 2758 apud
481 2673 699 2758 Thucydidem
721 2674 886 2757 excompla
916 2673 1193 2739 considerantibus
1215 2670 1306 2739 nobis

172 2774 317 2840 elucebit.
361 2787 372 2810 ·

254 2878 350 2955 129,
379 2877 438 2942 23:
471 2878 583 2965 ξυνέβη
616 2873 729 2955 αὐτοῖς
761 2873 1059 2964 παραστήσασθαι,
1093 2869 1178 2940 ὥστε
1207 2925 1243 2941 ..
1268 2925 1274 2939 .
1299 2931 1306 2943 .

174 2975 371 3064 Κορινθίους
401 2976 561 3066 δήσαντας
600 2976 692 3062 έήηειν.
754 2980 812 3060 30,
845 2983 881 3046 4:
921 2975 1122 3064 Κορινθίους
1151 2972 1307 3064 δήσαντες

170 3073 263 3162 εἶχον.

255 3179 416 3269 δήσαντας
437 3190 470 3248 et
492 3180 647 3269 δήσαντες
677 3186 710 3249 in
732 3183 782 3249 his
804 3185 884 3250 locis
911 3191 985 3249 sunt
1012 3185 1183 3267 participia
1209 3184 1305 3262 modi,

172 3307 254 3368 quae
275 3287 361 3350 idem
382 3285 573 3369 significant,
595 3308 634 3352 ac
656 3288 680 3352 si
704 3283 738 3350 ἐν
759 3285 893 3368 δεσμοῖς
914 3287 1053 3368 positum
1075 3292 1159 3351 osset
1175 3287 1222 3370 (in
1238 3287 1307 3351 vin-

170 3389 250 3452 culis
270 3388 404 3473 tenere).

254 3491 304 3570 38,
332 3490 386 3556 15:
421 3484 619 3572 Ἐπίδαμνον
642 3541 649 3554 .
675 3545 682 3558 .
705 3541 713 3556 .
735 3485 863 3568 ἑλόντες
894 3481 953 3577 βίφ
987 3487 1121 3570 ἔχουσιν.
1166 3490 1217 3569 68,
1248 3489 1307 3554 18:

171 3587 207 3657 οί
229 3591 288 3679 μὰρ
310 3585 349 3658 dv
366 3597 532 3678 Κέρκυραν
553 3589 775 3677 ὑπολαβόντες
796 3588 855 3681 βίφ
875 3589 966 3680 ήμῶν
987 3583 1083 3673 εἶχον.
1119 3593 1245 3671 IV.113‚
1267 3593 1307 3657 9:

170 3688 189 3760 δ
217 3698 274 3780 (so.
304 3692 469 3783 φρουρίον)
499 3687 584 3777 εἶχον
607 3690 699 3761 αὐτοί
729 3691 973 3778 καταλαβόντες.
1021 3694 1072 3760 VI.
1096 3695 1147 3774 39,
1171 3696 1205 3760 8:
1236 3687 1305 3760 ὀλι-

169 3794 283 3883 γαρχία
313 3847 318 3862 .
344 3853 350 3864 .
376 3848 383 3863 .
417 3802 482 3862 τῶν
511 3792 684 3884 ὠφελίμων
713 3793 750 3862 οὗ
776 3798 965 3863 πλεονεκτεῖ
992 3794 1104 3879 μόνον,
1138 3791 1222 3861 α’λλὰ
1250 3793 1306 3861 καί

169 3897 300 3982 ξύμπαν
322 3895 504 3987 ἀφελομένη
527 3897 600 3982 diget.
645 3901 712 3966 VH.
735 3903 786 3980 34,
818 3903 873 3965 112
901 3895 935 3964 αἱ
966 3899 1002 3965 δὲ
1029 3903 1101 3985 νήες
1126 3898 1163 3964 τδ
1184 3896 1304 3981 μεταξὺ

169 3995 254 4085 εἶχον
276 4001 489 4089 έμφράξασαι.

253 4105 289 4170 In
312 4103 459 4170 omnibus
480 4105 530 4169 his
544 4104 622 4169 locis
637 4099 720 4184 έήηειν
735 4104 820 4170 valet
837 4103 966 4182 habore,
989 4105 1161 4187 possidere,
1184 4110 1303 4183 tenero,

170 4215 203 4273 et
235 4209 405 4292 participio
438 4207 550 4272 coristi
583 4207 803 4290 (participium
835 4207 969 4290 perfecti
1004 4206 1092 4292 apud
1118 4207 1217 4273 Thuc.
1238 4229 1304 4272 non
