2952 4754
761 245 803 309 48

215 453 280 508 τως
306 429 433 518 χαλεπὴ
463 429 634 516 ἐνομίσθη.
683 431 735 507 26,
768 432 825 506 12;
861 431 918 507 56,
944 431 998 506 13;
1034 430 1091 506 83,
1113 430 1172 506 213
1209 428 1354 507 11414
1455 457 1456 488 1

216 534 287 600 vno
300 535 642 721 {tpirtffiictigifflrbo
671 635 763 702 finito
789 636 986 720 respondent
1006 641 1106 717 atque
1133 635 1180 700 ite
1200 633 1355 700 anacolu-

216 739 321 804 thiam
343 738 497 804 efficiunt.

302 841 357 906 ΠΙ.
378 842 429 918 81,
453 840 509 905 18:
542 842 739 924 Κερκυραῖοι
759 834 837 916 τούς
858 835 997 922 ἐχθροὺς
1018 833 1186 924 ἐφόνευον,
1215 834 1273 924 τὴν
1293 837 1356 920 μέν

217 938 326 1009 αἰτίαν
347 940 560 1030 ἐπιφέροντες
580 944 652 1018 τοῖς
671 938 728 1005 τὸν
749 941 852 1028 δῆμον
874 937 1099 1020 καταλύουσιν,
1121 935 1294 1006 ἀπέθανον
1316 941 1356 1008 δέ
1456 981 1457 992 ι

217 1070 303 1124 τινες
330 1043 386 1110 καὶ
417 1039 505 1123 totae
536 1040 657 1128 ἔχθρας
686 1040 792 1123 ἕνεκα,
825 1041 882 1108 καὶ
917 1037 1012 1108 ἄλλοι
1043 1040 1213 1130 χρημάτων
1240 1039 1355 1130 σφίσιν

217 1144 445 1236 ὀφειλομένην.
487 1148 589 1227 187,
620 1147 650 1212 8.
696 1147 814 1224 1147,
842 1149 872 1212 9.
915 1145 1051 1224 ΙΠ.87,
1079 1148 1111 1211 2.
1152 1146 1220 1211 vlt
1242 1148 1274 1225 4,
1295 1148 1355 1222 29;

221 1253 271 1332 18,
292 1256 327 1330 2;
350 1254 403 1330 47,
425 1252 454 1317 6.
498 1249 583 1314 VIII.
603 1251 634 1325 5,
659 1251 714 1327 123
736 1250 787 1326 81,
810 1252 840 1315 2.

304 1358 339 1441 4)
361 1353 569 1436 Partioipium
590 1352 748 1418 infinitivo
769 1353 951 1436 respondet.

303 1457 358 1522 111.
381 1457 432 1534 94,
457 1457 513 1520 15:
556 1456 776 1541 Δημοσθένης
807 1453 836 1520 δ’
862 1447 1155 1522 ἀναπείθεται...
1184 1449 1229 1532 ὥς
1257 1453 1356 1520 καλὸν

219 1553 308 1647 auito]
327 1608 382 1624 ...
405 1553 577 1635 Αἰτωλοῖς
598 1554 795 1635 ἐπιθέσθαι,
819 1554 1010 1642 Ναυπάκτῳ
1030 1581 1067 1622 τε
1088 1553 1262 1638 πολεμίοις
1281 1547 1355 1623 οὖσι

219 1659 276 1728 καὶ
296 1654 334 1750 ἢν
355 1657 497 1749 κρατήσῃ
524 1655 640 1738 αὐτῶν,
671 1656 792 1746 ῥᾳδίως
822 1658 878 1724 καὶ
907 1657 945 1724 τὸ
970 1652 1050 1725 ἄλλο
1077 1655 1293 1746 ἠπειρωτικὸν
1319 1656 1355 1724 τὸ

220 1762 321 1854 ταύτῃ
342 1759 531 1851 Ἀθηναίοις
551 1758 802 1849 προσποιήσειν.
824 1801 865 1810 -
887 1761 940 1828 lv.
963 1765 993 1840 3,
1019 1766 1066 1828 l7.

305 1867 340 1948 5)
363 1867 552 1933 Insolentior
574 1873 623 1934 est
643 1873 825 1932 structurae
847 1865 1042 1949 disparilitas
1064 1867 1097 1930 in
1119 1865 1168 1931 his
1190 1866 1281 1931 loeis:

306 1971 329 2034 1.
353 1972 381 2048 1,
404 1970 439 2036 5:
459 1965 709 2054 τεκμαιρόμενος
730 1965 783 2034 ὅτι
808 1961 1007 2049 ἀκμάζοντές
1031 1992 1068 2034 τε
1094 1957 1176 2054 ᾖσαν
1205 1965 1238 2046 ἐς
1259 1963 1356 2032 αὐτὸν
1410 1993 1413 2000 ’
1458 1979 1459 1986 ’

220 2067 401 2160 ἀμφότεροι
422 2076 610 2160 παρασκευῇ
632 2076 672 2158 τῇ
699 2067 791 2158 πάσῃ
816 2068 874 2136 καὶ
899 2069 937 2136 τὸ
963 2065 1044 2136 ἄλλο
1064 2068 1247 2157 Ἑλληνικὸν
1274 2067 1356 2157 ὁρῶν

222 2171 448 2258 ξυνιστάμενον
469 2171 553 2257 πρὸς
574 2167 744 2257 ἑκατέρους
758 2223 766 2237 .
780 2223 788 2238 .
804 2223 827 2252 .,
849 2174 905 2239 ubi
926 2176 1132 2259 participium
1152 2167 1235 2257 ὁρῶν
1256 2196 1354 2240 enun-

222 2278 304 2345 tiato
326 2272 379 2342 ὅτι
396 2325 403 2339 .
419 2325 451 2340 ..
475 2265 558 2362 ᾖσαν
579 2277 755 2359 respondet
775 2277 831 2362 (ef.
855 2277 953 2343 Clsss.
976 2278 1019 2344 ad
1040 2279 1072 2343 h.
1092 2278 1136 2355 1.).

307 2379 363 2445 ΙΠ.
378 2379 430 2458 53,
452 2381 486 2445 9:
507 2374 754 2466 τεκμαιρόμενοι
775 2375 1035 2466 προκατηγορίας
1047 2403 1084 2445 τε
1105 2375 1195 2467 ἡμῶν
1217 2375 1255 2446 οὗ
1272 2403 1356 2465 προ-

222 2481 428 2569 γεγενημένης
463 2471 483 2568 p]
504 2479 562 2569 χρὴ
585 2475 752 2548 α’ντειπεῖν
767 2533 774 2546 .
792 2537 823 2550 ..
855 2479 894 2548 τό
915 2506 951 2547 τε
973 2478 1167 2570 ἐπερώτημα
1191 2480 1292 2567 βραχὺ
1313 2478 1357 2550 ἐν.

225 2585 278 2652 lv.
303 2585 373 2667 116,
398 2586 426 2650 1.
468 2583 538 2651 vu.
563 2585 612 2664 18,
637 2587 672 2663 1;
697 2588 820 2664 14,12.

743 2934 763 3011 ξ
784 2930 835 2995 26.

396 3055 440 3116 Ite
461 3052 630 3131 partieipio
652 3054 687 3114 in
709 3055 883 3115 enuntiatis
904 3053 1051 3116 relativis
1072 3056 1182 3133 posito.

308 3206 421 3273 turam
442 3206 595 3272 sermonis
617 3204 822 3284 brevitatem,
849 3227 946 3290 qnam
971 3208 1125 3273 vertendo
1153 3208 1273 3274 imitari
1295 3229 1361 3274 non

225 3330 402 3396 possumus,
436 3307 581 3374 efficiunt
603 3308 776 3393 partieipia
798 3331 868 3375 oum
902 3313 1143 3395 pronominibus
1165 3312 1306 3377 relativis
1329 3319 1363 3377 et

224 3412 459 3496 interrogativis
482 3412 658 3495 eonjnneto„

308 3513 406 3593 126,
429 3513 483 3578 13:
519 3508 643 3599 τάφους
676 3536 713 3578 τε
742 3511 979 3593 ἐπιδεικνύντες
1011 3513 1066 3580 καὶ
1096 3514 1289 3600 ξυγγένειαν,
1322 3506 1362 3602 ἢν

226 3612 457 3704 προϊσχόμενοι
489 3612 618 3682 ἐδέοντο
652 3619 739 3702 σφᾶς
774 3613 819 3704 μὴ
854 3615 1012 3703 κατάγειν.
1047 3662 1080 3670 -
1117 3620 1168 3696 39,
1190 3620 1226 3695 2;
1255 3619 1307 3694 42,
1330 3619 1361 3684 6.

225 3722 265 3787 ΙΙ.
282 3723 331 3800 17,
350 3721 402 3798 14;
424 3718 476 3797 29,
498 3719 540 3784 20
556 3724 589 3784 st
604 3718 690 3784 alibi.
733 3719 756 3784 I.
773 3721 824 3795 70,
841 3722 878 3786 5:
899 3717 976 3807 ἡμῖν
989 3744 1025 3806 γε
1040 3721 1164 3786 δοκεῖτε
1179 3715 1248 3787 οὐδ’
1269 3718 1363 3785 ἐκλο-
1458 3807 1459 3810 ¹

225 3819 387 3909 γίσασθαι
409 3817 548 3887 πώποτε
571 3817 654 3906 πρὸς
676 3821 765 3901 οἵους
786 3817 862 3905 ὑμῖν
879 3820 1076 3912 Ἀθηναίους
1090 3817 1187 3902 ὄντος
1207 3821 1263 3889 καὶ
1284 3819 1364 3890 ὅσον
1458 3811 1460 3824 ’

225 3921 316 4007 ἐμῶν
348 3921 404 3989 καὶ
436 3920 481 4003 ὠς
513 3929 581 3990 πᾶν
614 3923 828 4011 διαφέροντας
860 3919 878 3990 ὁ
911 3923 996 4011 α’γιέν
1029 3921 1130 3993 ἐσται.
1173 3927 1223 4005 80,
1248 3929 1297 3993 15.
1320 3963 1362 3974 -
1459 3953 1460 3974 ³

226 4027 280 4092 IV.
306 4027 365 4106 20,
397 4027 450 4093 1οι
505 4029 725 4110 πολεμοῦνται
754 4025 814 4108 μὲν
841 4024 900 4113 γὰρ
934 4023 1072 4116 ἀσαφῶς
1106 4024 1272 4112 ὁποτέρων
1303 4021 1364 4111 οἲρ·

227 4124 360 4210 ξᾶντιον.
