2952 4754
695 319 735 384 14

148 507 367 593 pracdicatum
390 508 548 575 enuntiati
572 507 748 574 constituat
774 513 832 574 aut
855 508 923 574 sine
952 509 1067 593 copula
1087 507 1184 576 alicui
1206 509 1282 575 sub·

148 613 285 678 stantivo
307 616 365 676 aut
385 617 460 676 ante
484 611 656 676 articulum
677 617 734 676 aut
755 617 829 694 post
849 610 1084 678 substantivum
1104 634 1167 678 non
1189 633 1283 697 repe·

148 717 207 780 tito
230 715 366 779 articulo
388 714 594 798 adjungatur.
636 713 737 779 Simili
758 712 825 778 fere
846 714 940 779 modo
961 717 1165 799 participium
1187 737 1283 799 prae-

149 817 286 882 dicative
307 822 491 899 usurpatur.

233 918 281 983 Ac
301 920 439 1003 primum
461 917 590 1000 quidem
614 918 654 984 de
676 939 713 983 eo
735 940 792 984 uso
808 920 971 998 disseram,
994 941 1058 1002 quo
1077 923 1283 1005 participium

149 1021 244 1086 alicui
266 1020 371 1098 verbo,
396 1020 485 1102 cujus
507 1021 595 1085 notio
616 1040 676 1102 per
694 1040 728 1085 se
750 1041 815 1085 non
837 1029 885 1087 est
907 1021 1056 1088 absoluta
1075 1045 1114 1090 ac
1128 1024 1283 1108 perfecta,

148 1124 196 1188 ita
217 1122 413 1206 adjungitur,
443 1128 481 1187 ut
506 1143 579 1187 cum
608 1143 645 1186 eo
667 1122 888 1205 praedicatum
911 1128 1069 1191 enuntiati
1099 1131 1283 1193 constituat.

149 1225 242 1302 Quod
266 1225 385 1308 duplici
407 1224 502 1289 modo
529 1223 600 1288 fieri
625 1231 748 1309 potest3
780 1228 986 1310 participium
1013 1231 1100 1295 enim'
1128 1237 1186 1296 aut
1207 1232 1284 1297 suh-

146 1328 233 1411 jecto
249 1328 343 1392 uerbi
364 1327 447 1392 finiti
470 1333 528 1392 aut
549 1327 674 1410 objecto
697 1327 739 1392 ab
762 1349 798 1393 eo
821 1331 974 1412 pendenti
997 1333 1193 1417 adjungitur.

233 1429 322 1495 Haec
342 1429 410 1495 fere
432 1451 531 1512 quum
552 1431 595 1495 sit
608 1429 896 1513 'grammaticorum
918 1434 958 1498 de
982 1433 1044 1500 hac
1069 1457 1104 1501 re
1127 1437 1283 1516 doctrina,

150 1553 254 1598 meum
276 1534 403 1598 videtur
425 1553 503 1613 esse,
527 1533 588 1598 hoc
609 1532 678 1597 loco
696 1534 803 1599 omnia
817 1555 856 1600 ea
870 1536 969 1601 verba
983 1558 1179 1617 enumerare,
1197 1537 1285 1621 ¹quae

151 1636 238 1719 apud
260 1634 477 1720 Thucydidem
500 1635 621 1719 duplici
643 1635 697 1699 illo
724 1657 820 1717 quem
849 1638 915 1703 dixi
938 1640 1031 1705 modo
1054 1661 1125 1706 cum
1154 1643 1285 1725 partici-

150 1740 204 1821 pio
227 1739 397 1822 conjuncta
418 1739 631 1804 inveniuntur.

683 1939 754 2019 er.

235 2056 259 2119 Ι.
294 2056 342 2122 Ea
362 2056 470 2135 rerba,
500 2056 616 2139 quibus
638 2057 775 2121 notionis
797 2056 1003 2139 complendae
1031 2078 1128 2123 causa
1149 2060 1183 2124 in
1210 2062 1288 2126 suh-

149 2162 228 2245 jecti
250 2180 327 2226 casu
348 2159 554 2242 perticipium
575 2178 595 2222 a
616 2156 802 2242 Thucydide
823 2157 1018 2244 adjungitur,
1041 2160 1120 2224 haec
1141 2169 1230 2226 sunt:

240 2265 270 2343 1)
294 2255 385 2342 εἶναι,
407 2257 588 2344 γίγνεσθαι,
608 2253 773 2341 ὑπάρχειν.

238 2365 417 2449 Partipium
440 2384 512 2428 cum
535 2361 650 2445 copula
676 2353 758 2427 εἶναι
785 2383 805 2428 a
832 2362 1041 2444 scriptoribus
1062 2363 1177 2430 Atticis
1206 2385 1288 2430 sem-

154 2490 213 2554 per
235 2469 302 2534 fcre
324 2465 470 2533 adhiberi
492 2467 534 2531 ad
556 2464 756 2529 formandam
777 2463 831 2528 III.
847 2465 928 2550 plur.
944 2466 1024 2548 perf.
1047 2472 1081 2532 et
1102 2467 1289 2550 plusquam-

155 2572 247 2656 perf,
277 2571 319 2636 ad
341 2569 543 2635 formandum
566 2568 801 2652 conjunctivum
824 2573 857 2631 et
886 2570 1064 2652 optativum
1091 2570 1172 2653 perf.
1205 2592 1289 2653 pass.

156 2695 266 2740 eorum
297 2672 475 2750 verborum,
511 2690 595 2754 quac
628 2692 692 2736 non
726 2677 801 2734 sunt
821 2691 913 2754 pura,
946 2676 979 2735 et
1011 2692 1107 2755 saepe
1130 2674 1226 2738 etiam
1246 2673 1288 2738 ad

155 2775 358 2843 formandum
392 2775 473 2858 conj.
506 2781 539 2838 et
565 2777 630 2856 opt.
653 2770 788 2854 perfecti
820 2773 916 2837 activi
937 2779 1036 2854 atque
1069 2795 1090 2839 a
1122 2774 1290 2858 cujuslibet

157 2878 286 2944 dialecti
309 2877 518 2960 scriptoribus
540 2876 582 2941 ad
604 2874 807 2939 formandum
828 2873 886 2938 fut.
902 2873 956 2937 lIl
972 2875 1067 2939 activi
1081 2877 1167 2942 inter
1181 2897 1289 2942 omnes

157 2987 291 3060 constat,
314 2999 414 3063 quare
437 2978 477 3042 de
498 2977 560 3043 hac
580 2998 615 3042 re
637 2977 716 3041 nihil
738 2977 874 3060 amplius
896 2977 1082 3043 addendum
1103 2985 1159 3044 est

239 3083 302 3149 Sed
324 3082 421 3147 etiam
442 3102 502 3165 pro
524 3080 595 3146 aliis
615 3078 703 3145 verbi
731 3079 814 3144 finiti
845 3078 955 3146 formis
983 3082 1188 3165 participium
1218 3103 1289 3147 cum

157 3185 272 3268 copula
294 3175 374 3264 εἶνᾳ,
389 3183 534 3265 ponitur,
563 3189 601 3247 ut
633 3183 811 3265 praedicati
839 3185 926 3248 notio
955 3185 1056 3267 magis
1084 3183 1236 3249 efferatur
1257 3190 1291 3250 et

156 3293 332 3372 urgueatur
354 3286 415 3370 (ita
436 3285 588 3351 Kuehner
608 3287 628 3366 ξ
650 3286 721 3364 353,
745 3286 774 3350 4.
796 3307 824 3350 a.
847 3285 897 3371 3),
931 3307 994 3368 quo
1022 3286 1173 3369 loquendi
1195 3288 1290 3352 modo

158 3391 292 3456 docente
313 3387 476 3470 Kruegero
500 3391 532 3470 (ξ
547 3390 598 3468 56,
622 3389 650 3454 3.
665 3410 694 3456 a.
713 3389 745 3468 l)
767 3409 829 3453 non
852 3389 935 3453 actio
950 3391 1116 3467 transiens,
1138 3389 1196 3455 sed
1216 3410 1290 3454 con-

158 3493 236 3558 ditio
258 3511 447 3575 permanens
469 3497 567 3573 atque
588 3489 720 3556 effectus
742 3497 893 3555 constans
915 3490 1119 3574 significatur.

243 3593 267 3658 Ι.
289 3593 339 3672 38,
363 3592 397 3657 8:
419 3586 449 3658 εἰ
470 3595 541 3669 τοῖς
563 3590 700 3657 πλέοσιν
723 3586 914 3677 α’ρέσκοντὲς
933 3587 1040 3675 ἐσμεν.
1083 3594 1134 3671 99,
1149 3594 1188 3658 5:
1209 3583 1291 3679 ἦσαν

158 3691 269 3762 ου’κέτι
292 3743 299 3758 .
324 3743 332 3761 .
357 3743 364 3758 .
391 3690 512 3776 ὁμοίως
533 3692 567 3760 ἐν
588 3689 686 3782 ἡδονῇ
708 3685 866 3779 hipponae.
929 3705 933 3716 '

241 3800 281 3864 11.
306 3800 355 3876 10,
379 3798 413 3863 8:
435 3793 549 3884 ἐπειδὴ
572 3801 640 3862 πᾶν
660 3793 699 3861 τὸ
721 3792 902 3879 στράτευμα
923 3795 1166 3881 ξυνειλεγμένων
1180 3787 1228 3885 ἦν.
1250 3836 1291 3846 -

161 3903 210 3981 12,
234 3903 269 3968 o:
291 3891 330 3989 ἦν
351 3895 459 3986 γνώμη
481 3902 669 3988 νενικηκυῖα.
714 3898 765 3978 35,
787 3900 823 3963 4:
851 3893 925 3980 ἐμοὶ
951 3890 1022 3962 udo
1050 3893 1167 3985 ἀρκοῦν
1188 3897 1293 3966 ἐδόκει

161 3997 242 4084 εἶναι
276 3999 408 4088 (ἀρκοῦν
438 4003 595 4088 adjective
621 4003 784 4086 usurpari,
816 4007 903 4067 recte
938 4000 1037 4068 Closs.
1069 4024 1107 4068 ex
1143 4002 1293 4068 adverbio

161 4102 344 4202 aquariorum
368 4104 513 4190 colligit).
536 4143 576 4152 -
599 4105 649 4183 80,
675 4106 727 4169 15:
749 4094 830 4190 ἦσαν
851 4101 887 4168 δὲ
902 4101 1080 4189 Κορίνθιοι
1102 4106 1294 4190 ξυμπροθυ-

159 4206 324 4291 μούμενοι.
352 4207 404 4288 93,
423 4206 476 4272 13:
491 4200 565 4272 otae
578 4203 726 4274 ναυτικὸν
741 4197 778 4294 ἦν
794 4203 1038 4294 προφυλάσσον.
1067 4207 1123 4272 ΠΙ.
1137 4209 1166 4286 2,
1183 4207 1220 4272 8:
1232 4229 1292 4290 ps-
