2952 4754
641 283 642 288 ’
704 276 724 341 9

147 457 320 546 στρατηγοὶ
346 454 445 536 εὐθὺς
461 459 493 524 ἐν
515 456 644 549 ἀθυμίᾳ
665 452 755 548 ἦσαν,
778 459 830 529 ὅτι
844 460 956 542 αὐτοῖς
969 464 1068 531 τοῦτό
1093 491 1129 534 τε
1151 474 1281 554 πρῶτον

147 555 384 646 ἀντεκεκρούκει
404 559 460 627 καὶ
481 558 513 627 οἱ
532 560 670 650 Ῥηνῖνοι
691 561 749 630 οάκ
771 563 986 654 ἐθελήσαντες
1006 566 1238 655 ξυστρατεύειν.

233 663 314 728 VIII.
336 667 365 742 9,
391 668 447 731 11:
481 660 587 733 αίτιον
617 660 647 732 d’
668 663 792 750 ἐγένετο
822 674 881 756 τῆς
907 663 1096 760 ἀποστολῆς
1116 676 1181 738 τῶν
1203 677 1281 739 νεῶν

147 763 259 850 οἱμὲν
281 766 402 835 πολλοὶ
422 773 487 834 τῶν
509 765 602 835 Χίων
624 765 682 833 οὔκ
704 765 827 849 εἰδότες
847 769 889 838 τὰ
911 771 1180 858 πρασσόμενα...

174 943 175 948 ,
232 872 449 939 Usitatissimo
481 872 596 938 deinde
624 873 711 956 apud
744 873 873 941 Latinos
904 877 1058 961 loquendi
1088 901 1204 961 genere
1226 880 1281 965 (cf.

147 983 239 1054 ante,
269 982 343 1059 post
364 973 475 1039 urbem
498 975 675 1054 conditam,
709 975 750 1041 ab
781 977 860 1043 urbe
883 980 1025 1065 condita)
1049 983 1146 1048 etiam
1168 982 1282 1048 Graeci

145 1079 307 1144 interdum
328 1077 525 1144 substantivo
548 1099 617 1143 cum
639 1081 873 1163 praepositione
896 1084 1064 1166 conjuncto
1078 1083 1282 1167 participium

146 1181 195 1247 ita
215 1181 405 1265 adjungunt,
435 1186 473 1246 ut
493 1183 698 1265 participium
726 1185 853 1266 gravim
881 1184 1076 1252 efferendum
1107 1188 1149 1252 sit
1180 1192 1279 1269 atque

146 1284 340 1350 substantivi
358 1283 425 1349 fere
446 1285 509 1348 vim
531 1283 673 1368 accipirt.

232 1385 271 1453 Π.
296 1386 324 1464 6,
351 1387 407 1450 1οι
429 1381 497 1468 ἀμα
516 1390 557 1474 τῇ
578 1383 683 1473 έοόδῳ
704 1387 881 1476 γιγνομένῃ.
924 1391 976 1470 49,
1002 1393 1055 1457 14:
1076 1389 1159 1475 μετὰ
1180 1393 1283 1459 ταῦτα

147 1484 351 1576 λωφήσαντα.
407 1490 456 1567 68,
481 1491 537 1555 14:
579 1484 822 1577 ἦλληνίσθησαν
854 1490 911 1579 τὴν
944 1498 999 1558 νῦν
1028 1494 1177 1578 γλῶσσαν
1208 1490 1283 1560 τότε

146 1596 278 1677 πρῶτον
298 1585 368 1657 ἀπὸ
389 1595 454 1656 τῶν
467 1587 724 1674 Ἀμπρακιωτῶν
745 1592 1007 1682 ξονοικησάντων.
1033 1635 1069 1645 -
1091 1598 1143 1662 VI
1165 1600 1201 1677 3,
1227 1599 1283 1663 ll:

146 1695 213 1762 ἔτει
233 1695 378 1782 πέμπτῳ
399 1692 481 1776 μετὰ
496 1693 702 1779 Συρακούσας
724 1693 940 1776 οἰκισθείσας.
982 1699 1034 1763 VI.
1059 1701 1109 1779 80,
1134 1700 1162 1766 8.
1199 1699 1281 1765 VIII.

148 1801 198 1878 76,
219 1800 275 1878 20;
296 1798 346 1875 97,
371 1798 426 1874 13;
450 1799 520 1878 100,
544 1800 592 1863 17.
618 1836 655 1848 -

232 1956 266 2040 4)
288 1955 521 2038 Disputationis
543 1960 671 2021 nostrae
695 1957 830 2022 decursu
847 1957 915 2039 jam
937 1978 974 2022 eo
997 1956 1085 2022 ducti
1107 1977 1224 2034 sumus,
1247 1963 1284 2023 ut

146 2059 351 2143 participium
374 2058 590 2141 praedicative
614 2060 735 2124 dictum
757 2060 892 2124 articulo
915 2081 1024 2125 carere
1048 2060 1284 2126 demonstrare-

147 2184 226 2228 mus.
272 2161 334 2227 Sed
357 2162 511 2228 articulus
544 2162 714 2247 participio
749 2162 846 2228 etiam
878 2163 1066 2229 attributive
1097 2162 1182 2228 dicto
1215 2169 1284 2228 tum

148 2265 257 2331 deesse
277 2271 394 2348 potest,
429 2287 528 2348 quum
561 2266 795 2331 substantivum
826 2267 931 2349 ipsum
962 2265 1097 2331 articulo
1125 2272 1214 2332 caret
1234 2266 1285 2332 vel

147 2389 244 2451 quum
266 2368 471 2452 participium
493 2368 534 2432 ad
557 2389 731 2451 pronomen
753 2369 883 2453 aliquod
906 2368 1110 2434 referendum
1132 2373 1189 2435 est.

232 2470 255 2534 I.
278 2470 315 2548 5,
338 2472 375 2535 7:
426 2465 696 2554 προσπίπτοντες
725 2467 861 2537 πόλεσιν
891 2465 1087 2552 ἀτειχίστοις
1116 2469 1170 2534 καί
1201 2466 1284 2535 κατὰ

147 2569 259 2656 κώμας
280 2566 493 2652 οἰκουμέναις.
516 2609 555 2620 --
579 2574 630 2650 76,
654 2573 682 2637 8.

231 2676 253 2740 I
279 2676 326 2754 ll,
352 2676 408 2740 17:
435 2667 518 2738 αάτά
540 2695 576 2758 γε
597 2671 635 2763 δὴ
658 2677 760 2739 ταῦτα
781 2667 1027 2757 ὀνομαστότατα
1048 2679 1113 2739 τῶν
1135 2673 1213 2761 πρὶν
1235 2698 1284 2762 γε·

146 2775 272 2862 νόμενα.
297 2816 337 2828 -
360 2779 411 2854 20,
437 2778 492 2855 15;
516 2779 545 2857 6,
567 2779 596 2843 4.
621 2816 660 2827 -

232 3138 280 3202 De
302 3138 482 3223 participiis
504 3136 702 3204 substantive
734 3137 898 3223 usurpatis
928 3136 1112 3202 accuratius
1133 3135 1285 3202 hocloco

147 3241 371 3326 explicandum
393 3247 451 3319 est,
486 3261 583 3322 quam
611 3240 674 3305 vim
696 3241 849 3307 articulus
880 3240 1067 3323 conjunctus
1091 3260 1161 3303 cum
1183 3243 1285 3323 parti·

148 3345 230 3427 cipio
253 3345 300 3409 ita
330 3349 484 3428 usurpato
517 3342 650 3420 habeat,
686 3345 816 3425 quando
845 3342 1017 3426 participia
1049 3341 1118 3406 sine
1149 3343 1285 3408 articulo

147 3445 344 3512 substantive
367 3447 444 3529 poni
458 3446 591 3529 possint,
615 3466 710 3527 quem
733 3467 825 3510 usum
847 3446 880 3511 in
896 3445 1042 3510 neutrius
1063 3445 1187 3527 generis
1209 3466 1285 3528 par-

147 3548 265 3632 ticipiis
280 3548 478 3616 substantive
501 3549 645 3614 dicendis
660 3549 758 3614 Thuc.
782 3555 946 3631 sequatur,
969 3569 1033 3630 quo
1055 3547 1193 3630 denique
1214 3548 1284 3614 loco

147 3671 265 3733 ponere
287 3652 389 3718 soleat
410 3673 449 3718 ea
471 3652 635 3729 vocabula,
658 3673 741 3735 quae
763 3653 967 3737 participium
996 3658 1065 3715 tum
1086 3652 1206 3717 arctius
1228 3651 1285 3718 de-

148 3751 273 3819 liniunt

233 3855 279 3922 Ac
301 3858 437 3940 primum
460 3857 590 3939 quidem
613 3857 747 3922 articulo
771 3855 948 3938 participiis
971 3855 1169 3921 substantive
1192 3856 1286 3923 dictis

147 3963 302 4048 adjuncto
323 3979 432 4024 omnes
456 3979 512 4024 eae
533 3979 705 4042 personae,
733 3957 849 4041 quibus
878 3958 1040 4040 participii
1062 3960 1149 4023 notio
1171 3957 1286 4023 tribui-

148 4072 211 4142 tur,
238 4063 393 4128 inunum
416 4063 508 4143 quasi
542 4061 857 4145 comprehenduntur
885 4065 984 4142 atque
1016 4061 1131 4126 mentis
1158 4068 1286 4128 nostrae

148 4168 247 4235 oculis
270 4163 473 4249 aspiciendae
501 4170 733 4248 proponuntur.
792 4163 847 4230 Sin
880 4169 988 4228 autem
1016 4163 1189 4247 participIa
1210 4162 1286 4228 sub·
