2952 4754
711 314 732 378 4

239 499 263 564 Ι.
286 499 326 564 de
347 501 517 584 participio
539 501 728 566 attributive
753 501 850 579 dicte,

224 601 263 666 11.
286 602 326 668 de
348 603 565 686 praedicativo
587 605 748 688 participii
771 623 840 681 usu,

211 704 266 769 III.
290 705 329 769 de
351 705 520 790 participio
542 706 698 780 absoluto,

207 807 260 871 IV.
283 799 525 891 de'temporum
547 809 708 891 participii
723 808 954 892 significatione
976 807 1129 872 disseram
1151 814 1259 889 atque,

226 909 262 974 V.
285 898 395 992 aliqua
426 910 466 975 de
492 910 735 995 participiorum
774 932 849 977 usus
882 909 1133 994 proprietatibus
1164 910 1293 975 addita-

281 1018 391 1079 menta
412 1013 596 1098 adjungam.

685 1221 756 1300 si.

237 1342 282 1403 Ds
303 1340 545 1420 participiorum
569 1341 802 1422 significatione
825 1343 857 1402 et
878 1357 936 1400 usu
959 1339 993 1400 in
1016 1339 1207 1402 universum.

237 1509 465 1594 Participium,
494 1505 614 1597 μετοχή
636 1531 656 1574 a
678 1509 809 1575 Graecis
842 1507 1053 1593 appellatum,
1087 1515 1136 1574 cst
1158 1529 1196 1573 ea
1218 1529 1294 1592 pars

153 1615 315 1692 orationis,
339 1633 421 1696 quae
443 1613 584 1678 medium
607 1614 768 1695 quendam
792 1614 877 1677 inter
898 1631 1014 1676 nomen
1036 1615 1070 1675 et
1090 1610 1221 1676 verbum
1243 1611 1293 1676 lo·

154 1737 225 1780 cum
247 1715 379 1793 obtinet,
402 1715 436 1779 id
459 1716 546 1798 quod
567 1721 690 1781 veteres
711 1715 912 1798 grammatici
933 1714 1171 1792 indicaverunt,
1194 1735 1292 1796 quum

152 1818 196 1884 ad
218 1817 442 1901 explicandum
470 1837 586 1883 nomen
612 1813 731 1904 μετοχή
754 1818 913 1882 dicerent:
962 1811 1014 1880 ὅτι
1037 1813 1109 1882 ἐστὶ
1130 1814 1215 1898 λέξις
1235 1839 1293 1899 με-

151 1918 290 2001 τέχουσα
311 1922 369 2006 τῆς
390 1921 455 1983 τῶν
484 1915 633 2006 ῥημάτων
665 1917 721 1984 καὶ
749 1923 807 2007 τῆς
833 1923 897 1984 τῶν
925 1913 1093 2001 ὀνομάτων
1121 1913 1292 2005 ἰδιότητος.

153 2023 232 2087 Cum
254 2019 412 2104 adjectivo
435 2022 564 2105 quidem
588 2043 785 2088 communem
808 2022 906 2087 habet
928 2022 1077 2099 formam,
1109 2023 1157 2088 ita
1178 2030 1215 2087 ut
1236 2043 1294 2086 no-

151 2127 272 2191 tionem
294 2124 383 2190 verbi
404 2145 561 2208 personae
590 2125 690 2206 aliqui
713 2124 762 2189 rel
794 2124 840 2188 rei
868 2123 956 2189 velut
978 2124 1169 2206 qualitatem
1191 2145 1294 2207 quan-

152 2229 227 2294 dam
254 2227 421 2292 inhaerere
449 2226 621 2310 significet3
654 2225 742 2291 verbi
770 2233 879 2290 autem
912 2231 1061 2290 naturam
1092 2246 1156 2290 non
1188 2226 1294 2290 minus

151 2332 281 2408 retinet,
304 2350 412 2412 quum,
436 2329 561 2394 etiamsi
583 2348 740 2412 personae
761 2333 795 2393 st
809 2329 896 2394 modi
917 2326 1151 2411 significatione
1174 2334 1292 2406 careat,

151 2440 185 2498 et
205 2441 385 2516 temporum
407 2433 565 2497 rationem
587 2431 745 2514 exprimat
778 2437 811 2496 et
832 2431 959 2496 eosdem
984 2451 1064 2512 quos
1085 2431 1216 2496 verbum
1240 2452 1294 2496 ca-

152 2558 206 2602 sus
228 2536 289 2601 sibi
311 2534 470 2618 adjungat
503 2539 536 2598 et
565 2533 725 2600 adverbiis
756 2534 893 2616 denique
927 2533 1010 2598 sicut
1037 2532 1168 2598 verbum
1188 2533 1293 2617 ipsum

152 2640 273 2706 arctius
295 2636 514 2703 circumscribi
537 2637 784 2721 accuratiusque
800 2635 925 2702 deliniri
947 2636 1056 2719 possit.
1100 2635 1213 2719 ltaque
1234 2637 1294 2701 ad-

147 2743 302 2829 jectivum
324 2741 452 2806 verbale
474 2747 561 2806 recte
584 2740 777 2823 appellatur.

237 2847 283 2910 Ac
304 2844 434 2928 linguae
467 2842 598 2924 quidem
629 2862 763 2925 graecae
795 2841 857 2906 hoc
883 2840 1021 2906 maxime
1048 2841 1213 2924 proprium
1235 2846 1293 2919 est,

153 2955 190 3015 ut
213 2955 245 3014 et
266 2946 364 3013 activi
385 2951 419 3011 et
440 2943 560 3028 passivi
582 2948 615 3009 et
635 2945 733 3010 medii
755 2944 881 3028 singula
907 2949 1053 3027 tempora
1075 2964 1168 3008 suum
1190 2944 1294 3026 quod-

143 3071 216 3134 que
237 3048 443 3134 participium
474 3046 612 3111 formare
642 3048 765 3130 possint
786 3053 819 3113 ct
840 3046 1057 3125 formaverint,
1087 3069 1150 3130 quo
1173 3047 1293 3114 factum

154 3159 212 3231 est,
235 3158 272 3217 ut
295 3149 537 3235 participiorum
559 3169 635 3214 usus
658 3150 746 3233 apud
768 3147 908 3215 Graecos
930 3149 1102 3233 scriptores
1124 3150 1224 3214 multo
1246 3150 1295 3214 la-

153 3256 217 3321 tius
239 3259 366 3339 pateret
387 3274 484 3335 quam
506 3251 595 3336 apud
616 3252 752 3318 aliarum
774 3251 914 3336 gentium
939 3251 1119 3334 scriptores.
1162 3251 1211 3315 Ex
1233 3250 1294 3316 hoc

154 3364 261 3424 summ
295 3354 551 3438 frequentissimo
585 3355 827 3438 participiorum
864 3376 923 3418 usu
956 3373 1105 3435 magnam
1142 3353 1295 3419 orationis

153 3460 283 3545 prodire
306 3459 503 3536 varietatem,
528 3462 712 3523 accuratam
728 3455 941 3538 subtilemque
963 3455 1049 3520 inter
1070 3475 1121 3520 res
1143 3462 1176 3521 ct
1197 3456 1295 3521 verba

154 3561 423 3638 concordantiam,
446 3566 571 3625 arctum
591 3560 676 3624 inter
692 3559 861 3623 enuntiata
874 3557 1028 3641 primaria
1050 3561 1083 3621 et
1104 3558 1295 3624 secundaria

155 3687 281 3743 nexum,
303 3664 502 3749 praeclaram
524 3661 622 3728 totius
638 3661 792 3726 orationis
806 3660 1077 3744 perspicuitatem,
1100 3659 1294 3743 singularem

155 3769 292 3851 denique
319 3767 421 3832 aciem
444 3771 476 3830 et
504 3769 703 3830 venustatem
731 3761 825 3828 facile
858 3762 1047 3846 intelligitur
1073 3769 1172 3845 atque
1197 3765 1294 3842 hisce,

155 3892 239 3954 quae
262 3871 407 3936 dicturus
428 3889 508 3945 sum,
531 3867 712 3933 accuratius
735 3865 1015 3932 demonstrabitur.

686 4073 758 4153 §2

241 4195 451 4278 Participium
472 4214 571 4276 quum
592 4213 789 4258 communem
816 4210 887 4255 cum
909 4189 1067 4272 adjectivo
1088 4187 1207 4254 habeat
1228 4187 1294 4253 for·
