2952 4754
632 1071 798 1152 Vite
888 1099 893 1108 ·

226 1255 431 1322 Johnnues
452 1254 696 1321 Belkeuholl
718 1263 814 1321 natus
836 1276 907 1321 sum
928 1256 1004 1322 ud.
1022 1255 1109 1320 Xlll.
1127 1255 1193 1322 Cel.
1208 1254 1285 1320 Juu.

142 1358 228 1422 1854
248 1358 281 1422 in
303 1358 372 1421 vieo
394 1357 540 1421 Everode
569 1358 612 1421 ud
642 1358 797 1440 oppidum
818 1357 926 1421 Alfeld
952 1357 986 1422 in
1009 1357 1202 1423 llsnuovers
1223 1357 1285 1422 sito

137 1467 236 1544 petre
256 1459 411 1536 Johnnne‚
434 1469 538 1523 mette
562 1457 766 1523 Wilhelmina
786 1459 828 1524 de
849 1465 946 1542 geute
963 1457 1180 1541 Oppermeuu,
1203 1479 1284 1542 quos

138 1562 332 1644 superstites
364 1561 472 1625 adhue
505 1567 605 1643 etque
637 1561 813 1624 incolumes
846 1582 914 1627 esse
943 1580 1143 1644 summopere
1172 1563 1285 1626 leetor.

138 1664 222 1727 lnde
242 1663 284 1728 ab
306 1683 390 1727 enno
416 1662 622 1744 refluusque
644 1663 687 1726 ed
711 1662 979 1728 1873Hi1eesine
1005 1663 1207 1747 gymnasium
1228 1663 1285 1728 Jo-

138 1765 310 1848 sephinum
331 1764 544 1845 frequentavi.
588 1764 788 1828 lleturitetis
810 1765 993 1830 testimonio
1016 1766 1193 1829 instructus
1216 1764 1286 1829 Mo-

138 1868 316 1932 nesterium
338 1887 388 1930 me
411 1865 541 1943 oontuli,
563 1866 618 1930 ubi
641 1887 701 1948 per
721 1866 886 1931 biennium
908 1866 1131 1949 philosophiae
1146 1871 1179 1930 et
1194 1865 1287 1931 theo·

139 1969 246 2050 logiee
267 1989 399 2050 operam
416 1968 503 2032 dedi.
540 1968 589 2030 Ad
605 1969 817 2050 persolvendo
839 1967 958 2033 deinde
979 1967 1087 2031 studia
1106 1967 1287 2050 theologice

139 2071 316 2152 Dilingem‚
357 2071 391 2133 in
424 2070 579 2152 oppidum
613 2070 783 2147 Bevsriee,
823 2068 988 2152 profectus
1021 2069 1129 2150 ibique
1157 2068 1287 2134 biennio

138 2173 251 2255 elapso
283 2172 526 2256 presbyteratus
555 2173 668 2237 ordine
696 2172 842 2236 initiatus
877 2193 957 2236 sum.
995 2169 1180 2252 Insequenti
1202 2190 1287 2234 suno

141 2296 244 2356 quum
275 2276 310 2338 in
344 2272 414 2339 foro
437 2274 674 2339 Thaunheuseu
704 2275 859 2338 dioecesis
889 2274 1098 2356 Augusteune
1132 2271 1285 2337 ssoelleni

138 2397 272 2441 munere
294 2375 423 2440 functus
446 2397 556 2452 essem,
579 2396 599 2441 a
620 2376 715 2439 Rfido
738 2375 808 2439 Drio
831 2375 1012 2450 Wilhelmo,
1043 2374 1193 2456 episeopo
1215 2372 1284 2437 llil-

138 2479 288 2554 desieusi‚
305 2477 493 2559 Gottingem
508 2479 623 2543 missus
637 2499 717 2552 sum,
733 2484 771 2542 ut
785 2479 901 2542 studiis
916 2475 1118 2559 philologieis
1130 2493 1286 2539 ruonrem.

137 2579 249 2645 Unum
263 2586 415 2645 semestre
437 2579 482 2644 ibi
504 2586 649 2644 versatus
665 2579 870 2644 Moneohium
892 2599 942 2643 me
958 2576 1079 2642 eontuli
1095 2574 1285 2656 sobolesque

137 2682 342 2762 frequentavi
375 2681 466 2765 proti.
500 2683 615 2747 illustr.
649 2681 803 2764 Berneys,
834 2681 982 2756 Bursian,
1017 2677 1135 2754 Christ,
1167 2675 1283 2742 Julius.

140 2783 265 2848 Deinde
281 2789 454 2848 auotumno
476 2785 552 2848 anni
576 2783 657 2848 1879
673 2783 861 2864 Gottingam
884 2781 966 2846 redii
981 2787 1081 2862 etque
1096 2781 1130 2843 in
1147 2777 1287 2862 Georgia

137 2887 286 2966 Auguste
308 2885 425 2949 scholis
446 2884 578 2950 interfui
601 2885 816 2968 professorum
845 2883 1102 2956 clarissimorum,
1132 2881 1188 2964 qui
1211 2879 1298 2946 suut'

136 2987 316 3062 Burmann,
332 2986 446 3065 Bruns,
464 2987 603 3070 Dilthey,
619 2987 725 3061 Lotze
743 2986 792 3050 W.
807 2985 931 3062 Miiller,
948 2985 1087 3068 Sauppe,
1104 2981 1287 3064 l'olquerd·

138 3109 207 3164 sen,
224 3086 373 3169 Wagner,
393 3088 509 3169 quibus
522 3087 670 3152 omnibus
686 3089 809 3170 gratiss
830 3107 890 3167 ego
907 3105 990 3168 ques
1006 3085 1107 3151 debeo
1122 3085 1287 3150 meximee.
