2952 4754
776 259 820 342 44

233 450 332 513 tivum
355 449 582 514 enuntiationis
604 468 731 512 sensum
754 447 893 530 positum
915 468 984 512 esse
1006 447 1157 531 videtur).
1216 445 1373 511 Similiter

233 550 300 617 VII.
326 551 374 629 15,
396 553 416 616 2
440 558 472 616 et
495 552 544 627 77,
561 549 602 615 35
622 544 667 636 μή
690 550 806 634 legitur
820 555 952 636 propter
973 549 1197 633 imperativum
1217 550 1250 614 in
1267 571 1373 614 enun-
1458 631 1459 634 Ἴ

232 653 313 719 tiato
336 654 487 738 primario
509 654 656 737 positum.

318 758 412 841 Apud
433 757 645 842 participium,
669 755 756 838 quod
777 776 905 820 causam
927 754 1042 838 agendi
1057 754 1245 839 objectivam
1268 756 1373 840 signi-

233 859 318 936 ficat,
341 859 532 942 particulam
554 851 592 922 οί
620 863 834 944 expectamus.
888 857 925 922 In
957 857 1008 923 his
1037 864 1144 924 tamen
1173 859 1251 924 locis
1281 859 1373 943 apud

233 962 329 1026 Thnc.
350 957 396 1048 μή
416 964 590 1028 invenitur:

317 1064 340 1130 I.
364 1065 414 1143 77,
438 1067 492 1131 10:
529 1058 566 1129 οὐ
595 1065 652 1128 τοῦ
673 1061 813 1140 πλέονος
835 1059 879 1150 μὴ
903 1057 1145 1149 στερισκόμενοι
1165 1059 1257 1149 χάριν
1279 1059 1373 1145 litov-

233 1187 294 1232 σιν.
336 1167 515 1245 1.86,12:
546 1159 622 1232 οὐδὲ
652 1163 758 1244 δίκαις
791 1163 846 1230 καί
877 1161 986 1250 λόγοις
1016 1163 1182 1249 διακριτέα
1207 1165 1251 1252 μὴ
1283 1163 1372 1254 λόγῳ

234 1264 289 1333 καί
323 1263 440 1346 αὐτοὺς
474 1266 728 1354 βλαπτομένους.
786 1268 810 1334 I.
835 1269 920 1347 1118,
956 1271 1009 1334 10:
1043 1263 1075 1333 οἱ
1106 1267 1374 1352 Λακεδαιμόνιοι

233 1366 388 1457 ἡσύχαζόν
409 1396 445 1440 τε
466 1369 504 1437 τὸ
526 1371 628 1438 πλέον
649 1376 707 1436 τοῦ
726 1367 853 1455 χρόνου,
883 1363 973 1449 ὅντες
999 1369 1058 1452 μὲν
1079 1368 1135 1435 καί
1157 1368 1222 1458 πρὸ
1244 1377 1304 1438 τοῦ
1325 1373 1372 1464 μὴ

235 1475 342 1554 ταχεῖς
372 1469 455 1542 ἰέναι
484 1472 517 1552 ἒς
549 1472 626 1552 τοὺς
647 1469 833 1555 πολεμίους,
867 1467 897 1538 εί
923 1470 967 1561 μὴ
996 1467 1234 1558 ἀναγκάζοιντο.
1280 1477 1372 1556 Quae

234 1578 426 1661 interpretes
448 1578 490 1642 ad
513 1578 735 1664 explicandam
750 1577 942 1660 particulam
963 1572 1008 1663 μή
1029 1577 1178 1657 afferunt,
1201 1579 1374 1647 subtiliora

235 1681 335 1762 magis
358 1701 543 1763 essequam
572 1681 696 1745 veriora
718 1680 868 1745 videntur
889 1678 943 1763 (cf.
961 1680 1058 1746 Olass.
1081 1681 1201 1764 Poppo,
1224 1682 1373 1770 Krueg.).

235 1782 389 1866 Equidem
408 1784 513 1849 nescio
528 1783 652 1849 ansolo
667 1782 892 1848 vocabulorum
907 1804 986 1848 sonu
1008 1779 1088 1869 (πρὸ
1110 1786 1167 1847 τοῦ
1189 1779 1226 1848 οὐ
1247 1787 1372 1872 ταχεῖς)

235 1884 393 1951 adductus
414 1885 616 1970 Thucydides
642 1881 881 1972 adscripserit
936 1885 1068 1952 Poterat
1097 1892 1205 1952 autem
1226 1882 1271 1973 μή
1295 1889 1370 1966 dici,

236 2010 333 2071 quum
353 2010 399 2068 ea,
424 2010 506 2072 quae
533 1995 616 2065 sunt,
651 1990 747 2053 etiam
778 1992 815 2052 ut
840 1989 982 2070 cogitata
1015 1989 1149 2071 exprimi
1175 1990 1300 2072 possint
1322 1993 1371 2056 vel

235 2113 347 2173 quum,
370 2097 407 2157 ut
429 2092 501 2158 aliis
515 2092 619 2156 verbis
642 2097 726 2166 utar,
749 2091 833 2155 idem
850 2090 963 2166 valeat,
987 2091 1109 2173 aliquid
1125 2093 1308 2177 negativum
1329 2095 1370 2160 de

234 2193 342 2276 aliquo
365 2193 507 2278 subjecto
527 2193 715 2277 praedicare
743 2186 795 2275 (οὗ
816 2192 938 2277 ταχεῖς)
970 2200 1003 2258 et
1024 2215 1161 2272 monere,
1184 2217 1224 2261 ne
1246 2197 1367 2279 aliquid

234 2296 403 2378 positivum
437 2298 477 2363 de
512 2317 549 2361 eo
579 2296 698 2378 cogites
722 2291 779 2380 (μὴ
801 2297 922 2380 ταχεῖς)
947 2333 984 2342 -
1009 2297 1048 2361 cf.
1072 2303 1216 2363 nostrum
1243 2298 1368 2377 „nicht-

235 2397 355 2463 schnell
377 2420 483 2464 waren
512 2399 557 2465 sie
580 2397 663 2464 anch
685 2398 815 2463 frither“
854 2403 887 2464 ct
918 2398 1060 2477 „schnell
1081 2420 1187 2466 waren
1218 2401 1264 2467 sic
1286 2403 1370 2468 auch

234 2500 345 2566 friiher
366 2502 457 2568 nicht
477 2509 587 2570 etwa“.
610 2544 650 2554 -
672 2501 756 2566 VIII.
779 2501 828 2578 68,
850 2501 901 2566 28.

319 2602 355 2668 V.
380 2606 427 2683 17,
451 2609 488 2672 2:
510 2600 648 2688 νομίζων
669 2601 703 2671 ἓν
718 2600 825 2693 εἰρήνη
845 2602 921 2686 μὲν,
944 2598 1075 2683 ον’δενός
1090 2600 1282 2690 σφάλματος
1304 2628 1371 2692 γιγ-

234 2703 378 2786 νομένου,
400 2703 456 2772 καί
477 2703 545 2790 ἅμα
567 2713 632 2773 τῶν
653 2703 927 2791 Λακεδαιμονίων
955 2704 1030 2785 τοὺς
1055 2700 1173 2792 ἄνδρας
1194 2707 1370 2792 κομιζομέ-

235 2831 297 2871 νων
317 2800 377 2872 udis
410 2807 509 2888 αὐτὸς
539 2815 611 2889 τοῖς
643 2809 775 2896 ἐχθροῖς
805 2805 1029 2898 ἀνεπίληπτος
1061 2802 1152 2877 εἶναι.
1196 2810 1368 2896 Aptissima

235 2910 296 2975 hoc
316 2912 385 2977 loco
400 2909 444 3000 μή
458 2917 533 2997 poni
548 2916 719 2999 potuisset3
742 2914 798 2980 sod
815 2919 952 2979 mentem
968 2913 1130 2997 scriptoris
1146 2913 1227 2980 bene
1242 2914 1371 2999 Poppe-

236 3015 377 3080 Stahlins
401 3019 563 3101 exprimit,
586 3020 785 3084 enuntiatum
816 3019 863 3083 ita
890 3017 1026 3083 solvens:
1055 3010 1085 3080 εί
1106 3010 1212 3104 εἰρήνη
1235 3009 1302 3102 ε’ίη,
1336 3014 1370 3082 ἐν

235 3107 255 3207 ᾗ
276 3113 371 3184 οὐδὲν
393 3115 527 3204 σφάλμα
548 3115 698 3204 γίγνεται.

323 3225 447 3300 Restat,
480 3230 517 3289 nt
548 3244 646 3288 unam
678 3226 879 3308 negationem
908 3230 982 3288 ante
1004 3223 1208 3306 participium
1231 3225 1371 3306 positam

236 3347 299 3392 non
321 3327 423 3392 solum
444 3327 486 3393 ad
507 3328 721 3412 participium,
754 3328 811 3392 sod
833 3327 874 3392 ad
898 3331 998 3391 totam
1021 3325 1273 3390 enuntiationem
1296 3348 1372 3409 per-

235 3430 338 3496 tinere
359 3452 452 3514 posse
473 3431 671 3496 adnotemus.

324 3534 348 3598 l.
375 3533 424 3610 12,
448 3534 482 3598 2:
509 3525 663 3618 ηἛλλὰς
692 3527 742 3597 ἔτι
767 3527 997 3613 μετανίστατο,
1033 3523 1117 3594 ὥστε
1143 3525 1187 3615 μὴ
1210 3523 1374 3614 ἦοοχάοα-
1458 3559 1459 3584 ι

238 3659 297 3703 σαν
326 3630 506 3721 αὐξηθῆναι
527 3633 579 3717 (ut
600 3656 673 3710 non,
697 3635 836 3717 quietem
858 3635 986 3719 adepta,
1010 3634 1120 3718 augeri
1141 3634 1274 3719 posset).

320 3736 770 3818 Nfflffitfflt

760 3929 779 4008 ξ
800 3926 851 3990 24.
903 3917 905 3920 ’

259 4054 303 4113 De
325 4051 534 4127 compluribus
556 4049 734 4128 participiis
763 4067 831 4110 eum
854 4066 914 4109 uno
937 4047 1033 4110 verbo
1056 4047 1145 4108 finito
1168 4047 1349 4125 conjunctis.

324 4172 356 4256 1)
380 4169 482 4254 Supra
503 4171 524 4250 ξ
547 4165 586 4232 14
611 4167 790 4250 expositum
812 4171 875 4245 est,
903 4165 1061 4232 actionem
1082 4161 1178 4230 uerbo
1200 4162 1291 4228 finito
1314 4184 1372 4228 ex-
