2952 4754
741 273 784 336 50

191 461 289 526 etiam
311 480 367 525 nce
389 460 422 523 in
444 458 504 523 tali
525 463 691 522 structura
705 477 790 535 voce,
815 476 899 538 quae
914 462 964 521 est
978 454 1170 535 ‚,niimlich“‚
1194 456 1241 520 uti
1257 476 1334 538 pos-

191 583 308 628 sumus.

714 753 735 833 ε
756 751 807 817 aa.

275 896 319 956 De
341 893 578 972 pronominibus
600 893 762 954 reflexiuis
785 910 853 952 cum
876 891 1045 968 participio
1067 890 1246 969 conjunctis.

279 1048 470 1131 Compositis
493 1045 634 1111 reflexivi
657 1045 852 1128 pronominis
874 1043 984 1111 formis
1006 1038 1122 1108 ἑαυτοῦ
1143 1047 1209 1112 σίνε
1231 1041 1334 1108 αὑτοῦ

192 1157 251 1217 ctt.
280 1143 320 1199 έ-
348 1153 441 1236 omnir
463 1142 570 1212 edredo
597 1149 669 1232 ott.)
701 1149 874 1230 scriptores
894 1146 994 1211 Attici
1025 1154 1169 1228 utuntur,
1204 1149 1334 1230 quoties

189 1255 332 1339 subjecto
354 1259 393 1317 ct
409 1252 597 1335 pronomine
620 1249 764 1331 ejusdem
790 1251 948 1314 enuntiati
971 1251 1083 1315 eadem
1105 1271 1244 1334 persona
1266 1253 1333 1332 sig-

189 1357 348 1435 nificatur,
372 1371 473 1438 quare
496 1353 583 1437 apud
605 1353 778 1435 participia
799 1371 819 1414 a
840 1350 1026 1436 Thucydide
1046 1354 1107 1418 hae
1129 1352 1250 1418 formae
1272 1375 1333 1437 po-

186 1466 318 1536 nuntur,
341 1460 368 1524 si
390 1477 566 1541 pronomen
595 1454 638 1519 ad
660 1473 833 1536 personam
854 1457 1025 1539 participio
1049 1476 1233 1540 expressam
1255 1478 1333 1539 per-

187 1563 282 1629 tinet.

271 1663 295 1727 I.
324 1663 375 1727 54.
409 1660 463 1725 15:
503 1651 691 1739 ἀνελόμενοι
727 1655 768 1722 τά
802 1655 886 1722 κατὰ
916 1661 1004 1743 σφάς
1034 1653 1152 1737 αὐτοὺς
1184 1657 1330 1744 ναυάγια.

188 1766 238 1844 67,
269 1766 325 1829 11:
358 1759 511 1844 ξύλλογον
542 1763 635 1845 σφῶν
664 1755 770 1824 αὐτῶν
797 1757 1003 1848 ποιήσαντες.
1047 1761 1098 1841 86,
1129 1765 1164 1828 2:
1198 1760 1333 1829 ἐπαινέ-

188 1888 304 1945 σαντες
325 1861 435 1933 πολλὰ
458 1858 593 1938 ἓαοτούς
614 1859 781 1928 ἀντεῖπον.
825 1865 876 1944 91,
903 1864 941 1928 19
948 1888 957 1940 ;
986 1864 1055 1943 100,
1082 1865 1130 1928 10.
1174 1866 1213 1936 Π.
1236 1867 1286 1946 81,
1311 1868 1331 1932 8

188 1971 298 2044 et173
332 1965 383 2045 88,
406 1967 435 2033 3.
479 1964 608 2045 111.37,
631 1967 688 2042 233
725 1965 776 2045 52,
800 1968 858 2044 223
889 1968 940 2044 56,
964 1966 1021 2042 20;
1054 1967 1103 2044 62,
1135 1969 1174 2034 19
1196 1976 1230 2034 et
1251 1970 1331 2036 alibi

187 2072 317 2156 passim.

273 2171 298 2237 Ι.
324 2171 394 2248 138,
426 2168 482 2234 35:
519 2164 561 2231 τά
588 2168 648 2248 μὲν
677 2168 760 2232 κατὰ
786 2166 978 2235 Παυσανίαν
1013 2170 1068 2237 καὶ
1106 2173 1331 2254 Θεμιστοκλέα

187 2268 439 2362 λαμπροτάτους
471 2267 661 2352 γενομένους
694 2273 759 2334 τῶν
788 2275 867 2336 καθ’
897 2267 1031 2352 ἓαοτούς
1048 2270 1207 2361 Ἑλλήνων
1228 2270 1331 2353 οὕτως

186 2371 402 2460 ἐτελεάσησεν.

271 2475 465 2554 Notandum,
493 2476 526 2539 in
549 2474 616 2540 solo
639 2472 792 2542 hocloco
813 2477 998 2544 reflexivum
1022 2479 1232 2564 compositum
1254 2499 1329 2562 per-

186 2581 291 2644 tinere
312 2578 356 2642 ad
378 2579 585 2661 participium
607 2577 640 2640 iu
663 2579 844 2644 accusativo
867 2582 1018 2662 positum.

270 2679 310 2744 Π.
331 2681 383 2758 42,
404 2681 459 2744 32:
480 2675 536 2743 καὶ
558 2675 592 2742 ἐν
614 2671 701 2763 αὐτῷ
722 2675 760 2743 τὸ
783 2673 970 2762 άμάνεσθαι
991 2681 1048 2748 καὶ
1062 2685 1189 2748 παθεῖν
1203 2681 1329 2765 μᾶλλον

101 2765 113 2788 ’
186 2779 384 2870 ἡγησάμενοι
404 2773 425 2866 ἢ
446 2779 484 2846 τά
508 2776 654 2856 ἐνδόντες
676 2778 853 2862 σώζεσθαι,
887 2787 942 2852 ubi
964 2785 1168 2852 Hermannus
1200 2785 1329 2870 Sauppe

186 2886 249 2950 leri
266 2885 447 2950 mutatione
468 2883 531 2946 loci
553 2881 778 2948 difficultatem
800 2892 876 2968 apte
897 2889 944 2952 ita
959 2888 1060 2968 solvit,
1084 2893 1121 2953 ut
1135 2885 1191 2952 καὶ
1206 2881 1329 2952 ἑαυτῶν

186 2983 225 3051 τὸ
246 2979 433 3066 ἀμύνεσθαι
458 3032 464 3045 .
490 3033 498 3047 .
522 3033 529 3048 .
556 2978 816 3069 ἡγησάμενοι
842 3038 849 3052 .
879 2990 1041 3070 scriberet,
1075 3012 1173 3074 quam
1202 2991 1329 3074 conjec-

187 3097 294 3154 turam
316 3089 421 3152 minue
442 3092 529 3152 recte
554 3085 734 3152 Classenins
762 3088 812 3153 his
840 3093 944 3157 verbis
966 3093 1092 3176 rejecit:
1131 3093 1253 3172 „wobei
1274 3093 1328 3158 ich

188 3192 251 3256 den
274 3189 332 3255 auf
352 3182 474 3253 ἑαυτῶν
495 3187 657 3252 fallendam
680 3189 811 3255 starken
834 3192 1027 3260 Nachdruok
1049 3194 1140 3260 nicht
1167 3197 1330 3260 motiviert

187 3292 305 3358 finde.“
348 3291 468 3356 Notum
490 3294 539 3355 est
562 3291 655 3367 enim,
679 3295 863 3377 compositis
886 3294 1028 3361 reflexivi
1042 3297 1239 3381 pronominis
1260 3283 1327 3362 for-¹

186 3395 247 3459 mis
281 3392 372 3456 nullo
404 3393 500 3456 modo
532 3413 702 3474 personam
734 3399 905 3480 praecipue
945 3399 1049 3464 efferri
1083 3409 1182 3484 atque
1214 3404 1327 3487 premi.

186 3496 301 3577 itaque
324 3493 467 3560 Stahlius
489 3499 522 3559 et
543 3494 714 3560 Boehmius
737 3503 824 3562 recte
853 3498 937 3565 hanc
965 3503 1180 3584 conjecturam
1208 3504 1329 3588 proba-

186 3602 311 3664 verunt.

272 3696 470 3762 Reflexivum
492 3695 627 3780 simplex
648 3699 810 3764 invenitur
831 3701 870 3766 11.
887 3704 937 3783 65,
954 3705 1011 3769 58:
1032 3703 1088 3769 καὶ
1110 3701 1147 3773 οὐ
1169 3705 1328 3792 πρότερον

186 3797 340 3868 addesco
361 3791 382 3883 ἢ
408 3790 502 3862 αὐτοὶ
532 3795 566 3863 ἐν
589 3796 685 3886 σφίσι
712 3798 796 3866 κατά
817 3800 877 3880 τὰς
898 3799 986 3883 ἰδίας
1007 3807 1164 3895 διαφορὰς
1185 3833 1326 3896 περιπε-

187 3898 300 3979 σόντες
329 3896 526 3985 ἐσφάλησαν,
554 3903 609 3968 ubi
631 3910 748 3983 tamen,
779 3927 877 3988 qnum
900 3911 1115 3992 corruptelam
1136 3915 1241 3979 inesse
1267 3914 1327 3978 ho-

186 4007 287 4069 mines
310 4005 395 4067 docti
417 4006 627 4086 suspieentur,
652 4027 714 4070 non
737 4007 847 4089 liquet,
870 4017 979 4074 utrum
1002 4013 1043 4076 ad
1061 4016 1267 4098 participium
1283 4039 1325 4082 an

187 4105 383 4172 adverbum
405 4103 531 4170 finitum
553 4108 651 4172 verba
673 4105 706 4170 ἒν
729 4106 825 4194 σφίσι
848 4111 1016 4177 referenda
1033 4116 1107 4180 sint.
1145 4117 1216 4182 Non
1238 4123 1326 4182 recte
