2952 4754
707 314 746 380 13

155 499 354 585 καλουμένας
373 493 480 568 Ἐννέα
501 495 606 582 ὁδούς,
638 506 695 567 νῦν
716 500 752 568 δὲ
769 495 983 588 Ἀμφίπολιν.
1031 501 1055 566 Ι.
1080 503 1150 580 112,
1172 501 1207 577 5;
1241 500 1290 580 14,

22 705 24 708 ¹
158 606 207 670 ro.
251 603 305 670 111.
327 607 357 684 ν,
383 604 438 682 13;
460 605 511 685 41,
536 606 563 669 v.
611 605 664 670 vi.
693 607 742 684 rr,
769 608 795 670 1.

205 855 249 915 De
271 854 414 932 genitivo
437 854 520 930 apud
543 851 749 929 participium
772 851 971 912 substantive
995 851 1112 912 dictum
1134 851 1245 927 posito.

242 1018 424 1084 Genitivum
453 1039 549 1100 quem
581 1017 693 1083 dieunt
723 1017 909 1102 partitivum
932 1037 1002 1081 cum
1024 1015 1195 1098 participio
1216 1013 1292 1080 sub-

156 1121 293 1187 stantive
316 1120 401 1186 dicto
424 1121 572 1206 conjungi
593 1141 695 1203 posse,
725 1141 765 1184 ex
785 1119 880 1204 hujus
903 1118 1065 1202 participii
1093 1122 1211 1182 natura
1240 1122 1292 1184 at·

156 1245 219 1305 que
242 1243 283 1288 ex
304 1224 360 1301 eie,
389 1244 472 1306 quae
494 1244 593 1306 supra
615 1222 654 1288 de
675 1221 803 1287 articuli
824 1221 882 1287 tali
903 1220 1073 1304 participio
1096 1219 1239 1304 adjuncti
1261 1221 1291 1285 vi

157 1327 396 1410 disputavimus,
421 1325 514 1390 facile
535 1331 679 1408 apparet

238 1429 262 1493 I.
288 1430 357 1507 140,
379 1428 415 1492 6ο
436 1422 512 1504 τοὺς
533 1421 816 1508 οἷναπειθομένους
836 1417 934 1505 ὑμῶν.

223 1532 261 1597 ll
287 1532 334 1610 13,
357 1532 413 1596 47:
443 1525 542 1595 αὐτοῦ
574 1533 632 1594 τοῦ
661 1525 779 1594 κύκλου
806 1523 845 1593 τὸ
873 1521 1129 1610 φυλασσόμενον.
1181 1529 1232 1605 26,
1255 1529 1290 1603 6;

283 1632 485 1711 34,13;36,
512 1633 565 1709 16;
588 1632 637 1710 19,
661 1632 720 1709 30;
743 1630 793 1709 87,
817 1631 847 1695 9.
891 1629 945 1694 ΠΙ.
967 1629 1017 1707 61,
1043 1629 1091 1693 16.

238 1735 337 1800 Recte
359 1741 468 1800 autem
488 1734 686 1817 grammatici
709 1733 835 1810 docent,
862 1753 966 1816 pauca
987 1732 1158 1815 participia
1178 1730 1291 1796 verba-

154 1836 216 1900 lem
238 1843 387 1902 naturam
409 1838 490 1901 adeo
513 1837 655 1901 amisisse
677 1835 872 1918 proprieque
893 1834 1095 1899 substantiva
1109 1832 1197 1898 facta
1212 1854 1290 1911 esse,

156 1946 193 2003 ut
215 1943 313 2005 etiam
334 1939 508 2022 genitivum
537 1959 632 2020 quem
661 1942 777 2003 vocant
804 1938 995 2021 possessoris
1023 1936 1083 2001 sibi
1114 1936 1290 2019 adjungere

155 2043 278 2124 possint
300 2041 352 2127 (ut
372 2041 396 2106 I.
422 2041 489 2119 128,
516 2040 570 2104 19:
602 2038 763 2123 βασιλέως
786 2034 1005 2125 προσήκοντές
1026 2060 1119 2115 τινες.
1142 2077 1183 2085 -
1219 2040 1288 2118 138,

154 2145 213 2208 2οι
245 2138 344 2209 αὐτοῦ
370 2137 402 2208 oi
424 2138 674 2230 προσήκοντες),
708 2142 870 2224 talemque
892 2152 990 2206 ‘usum
1021 2139 1087 2206 fere
1117 2142 1179 2208 nisi
1201 2142 1288 2225 apud

153 2253 265 2330 poetas
290 2268 354 2312 non
375 2247 520 2311 inveniri.
563 2245 676 2327 Neque
698 2250 805 2309 tamen
837 2245 948 2328 negari
978 2249 1099 2327 potest,
1130 2243 1290 2328 Thucydi-

154 2350 227 2415 dem
239 2352 273 2415 in
294 2349 357 2415 hac
378 2371 413 2414 re
434 2349 597 2415 interdum
618 2370 711 2414 usum
734 2347 842 2431 paullo
863 2347 1045 2412 liberiorem
1068 2348 1167 2429 sequi,
1190 2347 1238 2412 ita
1252 2351 1290 2412 ut

126 2454 250 2517 'etiarn
281 2452 360 2516 alios
393 2453 548 2534 genitivos
580 2451 750 2534 participio
784 2450 982 2516 substantive
1014 2450 1099 2516 dicto
1122 2449 1287 2534 adjungat.

153 2554 205 2620 lta
217 2553 256 2621 Π.
272 2555 323 2632 49,
342 2556 398 2620 12:
420 2552 458 2619 τὸ
477 2547 682 2638 ὀργιζόμενον
695 2557 753 2637 τῆς
767 2545 895 2637 γνώμης
916 2553 1075 2636 genitivus
1095 2552 1287 2635 possessoris

149 2655 344 2740 judicandus
374 2663 436 2733 est3
467 2655 615 2722 similiter
637 2655 689 2732 63,
719 2655 752 2718 l:
782 2656 840 2738 τῆς
875 2649 1004 2730 πόλεως
1029 2656 1078 2744 Ιτῷ
1105 2651 1287 2739 τιμωμένῳ.

153 2758 204 2836 81,
230 2761 286 2824 1οι
308 2762 365 2845 τῆς
387 2759 551 2844 ξυμφορᾶς
571 2759 618 2843 τῷ
638 2752 815 2840 ἀποβάντι.
858 2754 912 2819 ΠΙ.
936 2756 985 2835 10,
1009 2756 1045 2820 6:
1068 2752 1101 2820 ἐν
1123 2759 1170 2842 τῷ
1192 2751 1287 2821 diolc-

153 2883 225 2928 οονι
246 2865 305 2949 τῆς
325 2858 461 2948 γνώμης.
506 2861 543 2926 V.
565 2862 595 2938 9,
620 2861 676 2925 19:
699 2856 732 2925 ἐν
754 2863 801 2945 τῷ
823 2852 980 2944 ἀνειμένῳ
1002 2851 1108 2922 αὐτῶν
1129 2864 1188 2947 τῆς
1207 2856 1289 2944 γνώ-

152 2988 223 3051 μης.
269 2965 319 3040 86,
343 2966 379 3028 3:
410 2961 451 3029 τὰ
473 2967 532 3028 τοῦ
554 2960 702 3045 πολέμου
725 2956 873 3045 παρόντα
894 2954 956 3048 ἤδη
978 2958 1034 3025 καὶ
1055 2955 1094 3026 οὐ
1115 2961 1286 3044 μέλλοντα.

152 3067 177 3133 Ι.
200 3069 251 3140 36,
272 3067 310 3131 4:
338 3062 377 3131 τὸ
399 3069 546 3152 θαροοῦν
566 3062 611 3152 μὴ
635 3065 817 3146 δεξαμένου.
840 3103 881 3112 -
901 3065 953 3142 36,
975 3064 1010 3128 3:
1042 3062 1081 3128 τὸ
1103 3062 1211 3143 δεδιὸς
1231 3060 1288 3130 αὖ·

152 3174 218 3236 τοῦ.
260 3169 312 3234 111.
326 3170 377 3247 24,
396 3171 432 3233 4:
454 3165 492 3233 τὸ
515 3165 702 3250 ἐπιθυμοῦν
716 3171 776 3232 τοῦ
791 3167 878 3232 πλοῦ
894 3168 1065 3250 (genitivus
1081 3174 1235 3247 caussae).
1247 3206 1288 3216 —

237 3273 388 3356 Sequitur
408 3292 495 3336 nunc
517 3270 743 3354 disputationis
765 3276 893 3336 nostrae
916 3270 1020 3334 altera
1046 3290 1131 3354 pars,
1160 3290 1225 3351 qua
1248 3269 1288 3335 de

152 3377 332 3460 participio,
356 3375 443 3458 quod
457 3374 667 3458 praedicativi
682 3373 750 3438 vioe
765 3373 917 3456 fungitur,
940 3372 1031 3438 nobis
1053 3373 1213 3456 agendum
1229 3377 1287 3437 est.

413 3679 447 3748 ΙΙ.
472 3679 515 3747 lle
537 3673 750 3765 praedicativo
775 3670 932 3760 participii
957 3687 1026 3738 usu.

683 3845 703 3923 i
726 3842 754 3907 6.
780 3837 781 3840 ‘

235 3978 444 4062 Adjectivum,
477 3975 567 4058 cujus
595 3974 692 4039 etiam
713 3973 746 4035 in
768 3969 831 4034 hac
857 3989 893 4032 re
914 3963 1120 4050 participium
1142 3962 1288 4043 sequitur

150 4088 299 4147 naturam
327 4085 427 4161 atque
455 4098 564 4156 usum,
598 4074 718 4157 duplici
747 4071 841 4136 modo
864 4068 1115 4154 praedicativum
1138 4086 1207 4130 esse
1228 4086 1287 4148 po·

150 4189 225 4261 test,
246 4184 294 4247 ita
315 4187 352 4246 ut
373 4187 432 4246 aut
453 4201 518 4244 una
540 4200 611 4243 cum
633 4176 741 4257 aliquo
760 4173 867 4252 verbo,
890 4172 977 4255 quod
1000 4169 1146 4253 copulam
1160 4172 1286 4244 vocant,
