2952 4754
711 276 753 340 53

164 457 307 524 ἐκέλευεν
337 453 554 525 ἀποστέλλειν
584 511 590 525 .
616 511 622 525 .
646 512 654 528 .
688 457 706 526 ὁ
740 464 964 548 Θεμιστοκλῆς
996 513 1002 527 .
1026 513 1034 528 .
1059 512 1085 542 .,
1120 457 1237 542 ἀλλους
1266 464 1302 530 δὲ

165 557 268 646 πρὸς
290 556 419 648 ἑαυτῷ
441 558 612 644 ἑλομένους
634 563 790 648 πρέσβεις
808 562 852 652 μὴ
875 559 976 642 εὐθὺς
998 564 1153 646 πέμπειν.

251 665 318 744 133,
342 666 376 744 8;
401 665 471 744 137,
492 667 542 731 29.
585 666 697 744 1125,
723 669 777 744 12;
808 667 916 747 77,Ᾰ4;
951 670 1000 746 87,
1029 669 1074 733 10.
1119 667 1227 746 V.40,
1253 667 1301 734 15.

163 764 246 832 VIII.
268 766 320 844 50,
345 755 381 840 3;
404 769 453 846 85,
478 769 528 832 30.

249 870 286 933 ln
314 870 377 934 hac
403 876 511 934 autem
532 890 568 933 re
589 875 723 954 propter
745 869 919 935 formarum
950 871 1190 937 similitudinem
1212 872 1303 938 facil-

162 970 236 1036 lime
258 992 366 1036 errare
387 977 562 1054 potuerunt
588 972 712 1036 scribae
738 978 771 1037 et
792 994 826 1038 re
852 993 927 1038 vera
955 982 1152 1052 erraverunt,
1183 976 1303 1041 formas

164 1096 247 1156 quae
264 1081 339 1139 sunt
354 1069 453 1140 αὐτοῦ
469 1080 524 1140 ott.
541 1095 599 1157 pro
615 1067 713 1137 αὑτοῦ
729 1076 794 1139 siue
809 1069 924 1139 ἑαυτοῦ
940 1081 994 1142 ott.
1010 1083 1175 1158 ponentes.
1198 1079 1303 1160 Atque

162 1171 278 1241 ἑαυτοῦ
309 1199 333 1242 s.
363 1172 462 1242 αὑτοῦ
492 1183 547 1241 ott.
578 1198 637 1259 pro
668 1170 767 1240 αὐτοῦ
796 1181 852 1242 ott.
881 1177 977 1242 scribi
1006 1168 1223 1244 necessarium
1244 1187 1301 1259 est,

163 1281 288 1361 quoties
310 1281 437 1346 articuli
460 1279 670 1344 collocatione
692 1280 751 1344 has
773 1279 892 1345 formas
910 1275 1083 1362 'possessivi
1106 1284 1303 1364 pronominis

163 1383 230 1446 vico
252 1383 342 1466 fungi
367 1384 538 1447 indicatur.

249 1485 293 1550 Of.
319 1485 359 1549 Π.
383 1486 432 1562 79,
456 1485 511 1548 33:
536 1479 568 1548 oi
591 1480 627 1548 δὲ
648 1483 818 1570 Χαλκιόῆς
838 1480 894 1546 καὶ
915 1477 946 1545 oi
970 1485 1143 1546 Βοττιαῖοι
1164 1487 1304 1568 τροπαῖ-

162 1580 198 1649 όν
215 1609 251 1650 τε
273 1583 412 1673 ἔστησαν
435 1583 586 1662 καὶτοὺς
608 1583 737 1669 νεκροὺς
758 1583 833 1663 τοὺς
856 1581 963 1649 αὐτῶν
984 1577 1171 1662 ἀνελόμενοι
1194 1583 1301 1650 διελί-

161 1691 269 1774 οησαν
291 1685 374 1752 κατὰ
396 1683 519 1764 πόλεις.
561 1687 585 1751 Ι.
613 1689 682 1765 141,
709 1691 755 1754 16.
779 1689 836 1755 III.
860 1689 909 1764 65,
933 1689 980 1751 13.
1024 1687 1076 1752 IV.
1100 1688 1150 1766 77,
1174 1689 1202 1753 9.
1248 1689 1301 1756 VI.

161 1790 213 1868 50,
237 1791 343 1869 3378,
370 1792 416 1856 16.
461 1790 528 1855 VII.
552 1790 581 1867 8,
608 1792 662 1866 123
686 1791 736 1867 67,
762 1792 810 1857 15.
854 1789 938 1854 VIII.
961 1789 1011 1866 85,
1037 1788 1085 1852 10.

248 1893 310 1958 Sed
333 1896 429 1958 etiam
451 1895 482 1956 in
506 1891 577 1957 aliis
599 1892 686 1969 locis,
713 1892 769 1956 ubi
792 1913 902 1958 sensus
932 1890 1127 1974 postulabat,
1157 1890 1301 1958 homines

162 1995 250 2058 docti
271 1995 389 2060 formas
420 2015 503 2077 quae
531 2001 606 2059 sunt
636 1987 751 2058 ἑαυτοῦ
780 2016 803 2060 ε.
834 1988 934 2057 αὑτοῦ
958 1998 1013 2059 ott.
1043 2013 1101 2074 pro
1124 1985 1222 2056 αὐτοῦ
1245 2000 1301 2060 ott.

156 2096 225 2179 jam
247 2098 465 2163 restituerunt.

244 2199 268 2262 l.
292 2201 341 2277 69,
366 2200 421 2263 27:
444 2195 659 2280 ἐπιστάμενοι
681 2195 736 2263 καὶ
758 2196 815 2262 τὸν
830 2193 994 2281 βάρβαρον
1010 2189 1107 2260 αὐτὸν
1121 2193 1199 2281 περὶ
1214 2193 1303 2284 αὑτῷ

160 2297 201 2362 τὰ
226 2296 331 2365 πλείω
353 2299 532 2386 σφαλέντα.
577 2301 647 2376 100,
673 2301 726 2376 11;
752 2301 822 2377 104,
847 2303 875 2364 6.
921 2300 961 2363 ΙΙ.
984 2300 1035 2373 27,
1058 2298 1093 2374 5;
1119 2298 1168 2378 77,
1191 2301 1228 2376 43
1251 2301 1301 2380 87,

163 2405 210 2466 10.
253 2402 304 2466 IV.
327 2405 378 2480 42,
402 2405 453 2466 21.
498 2402 548 2467 Vl.
574 2401 644 2478 100,
666 2401 695 2464 5.
742 2401 900 2478 711155,
927 2399 1053 2477 1585,
1078 2402 1106 2464 8.

246 2505 352 2587 Atque
377 2525 436 2588 ego
458 2504 588 2586 quidem
611 2503 708 2566 etiam
731 2505 762 2565 in
787 2503 845 2580 his,
871 2504 926 2584 qui
949 2509 1136 2584 sequuntur,
1160 2503 1237 2568 loois
1252 2526 1304 2570 re-

159 2606 306 2671 flexiuam
327 2607 462 2672 formam
491 2605 723 2670 restituendam
747 2626 814 2669 esso
836 2626 964 2670 censeo:

244 2708 268 2774 I.
292 2709 342 2787 73,
364 2710 422 2774 26:
455 2705 602 2794 νικηθεὶς
622 2704 681 2790 γὰρ
704 2711 777 2784 ταῖς
798 2705 911 2772 ναυσὶν
932 2702 976 2784 ὥς
997 2702 1105 2772 οὐκέτι
1120 2701 1208 2792 αὐτῷ
1230 2709 1304 2794 (pro

161 2804 262 2896 αὐτῷ)
285 2806 402 2892 ὁμοίας
423 2802 521 2894 οίσης
542 2813 599 2894 τῆς
621 2806 784 2891 δυνάμεως
806 2807 889 2875 κατὰ
903 2805 1024 2891 τάχος.
1050 2858 1057 2872 .
1084 2859 1090 2872 .
1113 2802 1303 2896 ἀνεχώρησε.

247 2913 299 2976 IV.
325 2912 468 2990 114,13:
491 2908 600 2992 ἔλεξε.
625 2961 630 2972 .
657 2961 662 2973 .
687 2907 740 2976 ὅτι
762 2906 801 2976 οὗ
818 2909 944 2978 δίκαιον
966 2907 1015 2998 εἴη
1038 2905 1112 2976 eiius
1127 2907 1203 2987 τοὺς
1217 2907 1304 2995 πρά-

163 3015 279 3094 ξαντας
301 3010 403 3097 πρὸς
424 3009 546 3078 αὑτὸν
567 3010 625 3100 τὴν
648 3014 749 3099 λῆψιν
771 3019 830 3102 τῆς
852 3011 980 3092 πόλεως
999 3014 1124 3100 χείρους
1138 3008 1303 3098 ἡγεῖσθαι.

250 3116 300 3182 Vl.
322 3118 373 3193 20,
405 3116 439 3180 6ι
472 3113 528 3179 καὶ
556 3113 797 3202 ἐπεμαρτύρετο
826 3115 869 3204 μὴ
901 3111 1046 3192 ἀπόντος
1074 3113 1152 3200 πέρι
1183 3111 1305 3181 αὑτοῦ

162 3215 319 3302 διαβολὰς
340 3211 576 3298 ἀποδέχεσθαι.

252 3323 320 3387 VH.
344 3321 395 3400 47,
423 3322 478 3383 14:
508 3314 560 3384 dri
587 3313 640 3382 ἐπ’
666 3313 834 3408 ὀλιγαρχίᾳ
855 3317 1007 3404 βούλεται
1028 3315 1084 3383 καὶ
1106 3314 1145 3382 oti
1165 3315 1306 3406 πονηρίᾳ

162 3419 237 3491 οὐδὲ
261 3418 461 3510 δημοκρατίᾳ
481 3424 521 3509 τῇ
543 3416 661 3484 αὐτὸν
683 3419 864 3509 ἐκβαλούση
886 3419 1057 3486 κατελθὼν
1081 3470 1087 3484 .
1112 3472 1119 3487 .
1142 3471 1149 3486 .
1178 3424 1304 3503 ξομπο-

162 3523 306 3606 λιτεύειν,
330 3527 386 3591 ubi
403 3527 471 3610 jam
488 3523 651 3590 Beklrerus
674 3526 804 3608 scripsit
818 3518 949 3604 ἑαυτόν,
972 3520 1194 3590 advocantem
1212 3546 1306 3609 prae-

162 3631 329 3695 ferendum
353 3634 402 3692 est
424 3634 558 3710 propter
582 3627 730 3692 Vaticani
752 3628 921 3694 lectIonem
944 3620 1051 3691 αὐτόν.

728 3847 778 3910 20.

422 3963 465 4022 De
487 3961 671 4038 participiis
687 3851 912 4022 {nacoluthice
935 3961 1055 4037 positis.

249 4132 324 4196 Tria
351 4132 478 4195 omnino
508 4130 540 4193 in
563 4129 806 4212 participiorum
835 4150 896 4193 usu
918 4129 1124 4212 Thucydideo
1155 4128 1307 4193 anacolu-
