2952 4754
743 241 786 304 30

277 429 425 494 Eundem
447 449 575 494 sensum
607 427 769 510 particula
798 419 843 501 ὠς
875 426 1026 509 exprimit
1059 447 1131 490 cum
1163 417 1338 508 participio

193 531 341 598 absoluto
373 531 552 614 conjuncta.
598 529 810 594 conferantur
837 529 861 592 l.
882 529 913 606 2,
935 528 993 603 27;
1028 529 1085 604 73,
1107 527 1159 591 26.
1204 527 1261 590 IV.
1287 527 1337 603 14,

193 632 409 709 26.-Ι.5,
436 632 485 695 10.
528 631 569 696 11.
592 634 622 707 7,
647 630 806 695 11.-Ι.
829 630 947 706 90,9;
980 631 1049 707 135,
1073 631 1101 694 2.
1145 629 1261 705 1Ι.85,
1288 629 1339 693 15.

195 735 423 812 -12,24;
455 733 513 810 28,
543 735 573 799 5.
618 733 728 812 Π.35,
753 733 788 807 2;
823 731 880 809 89,
910 731 938 794 6.
983 729 1107 808 vno,
1133 733 1187 805 153
1221 730 1275 808 15,
1299 729 1339 806 5;

194 837 246 914 25,
268 836 321 900 24.

278 937 348 1002 Ηοο
374 959 474 1002 unum
506 938 729 1003 adnotandum
767 943 828 1010 est,
863 935 951 1016 qnod
985 935 1102 998 docent
1123 935 1339 1018 grammatici,

194 1046 270 1123 post
300 1038 400 1104 verba
432 1040 593 1104 sentiendi
622 1047 655 1102 et
678 1039 864 1102 declarandi
886 1038 1043 1119 genitivos
1064 1037 1230 1102 absolutos
1265 1058 1340 1101 cum

194 1141 356 1225 particula
377 1135 422 1216 ὦς
444 1142 629 1225 conjunctos
652 1161 748 1222 saepe
770 1140 803 1203 id
825 1141 930 1222 ipsum
946 1141 1132 1224 exprimere,
1156 1139 1243 1220 quod
1266 1160 1342 1204 sen-

194 1244 296 1310 tiatur
323 1243 373 1310 vel
395 1243 586 1309 declaretur.
641 1242 690 1306 Ex
712 1241 810 1305 Thuc.
842 1243 905 1308 huc
937 1242 1125 1307 referendus
1158 1247 1207 1306 est
1239 1241 1341 1317 locus,

196 1347 253 1427 qui
274 1351 324 1410 est
344 1344 413 1408 Vll
431 1347 480 1422 15,
505 1348 541 1408 1:
564 1342 620 1408 καὶ
634 1348 689 1407 νῦν
711 1338 756 1419 ὦς
778 1337 830 1429 ἐφ’
852 1333 873 1407 ά
894 1342 954 1425 μὲν
976 1337 1123 1430 ἤλθομεν
1144 1339 1182 1406 τδ
1206 1346 1343 1426 πρῶτον

195 1445 252 1512 καὶ
278 1450 345 1510 τῶν
360 1467 363 1472 ’
378 1450 587 1530 στρατιωτῶν
615 1443 671 1510 καὶ
706 1449 771 1508 τῶν
797 1439 961 1531 ἡγεμόνων
990 1441 1080 1527 ὑμῶν
1100 1441 1145 1531 μὴ
1177 1447 1343 1526 μεμπτῶν

197 1547 429 1634 γεγενημένων,
459 1542 546 1611 οὕτω
577 1544 636 1633 τὴν
667 1543 795 1634 γνώμην
817 1543 914 1628 digere.
938 1585 975 1597 -
1000 1549 1117 1614 Similis
1138 1554 1189 1612 est
1209 1546 1265 1611 III.
1289 1549 1342 1623 75,

199 1653 256 1718 17:
285 1645 302 1716 ὁ
334 1650 436 1736 δῆμος
472 1644 653 1726 tanceas
682 1646 742 1714 ἐπὶ
769 1654 810 1735 τῇ
839 1646 1006 1736 προφάσει
1034 1646 1150 1736 ταύτῃ,
1179 1644 1225 1725 εἷς
1247 1643 1344 1713 οὐδὲν

196 1748 305 1818 ου’τῶν
327 1747 413 1836 ὑγιὲς
434 1748 670 1832 διανοουμένων
691 1757 731 1838 τῇ
751 1755 810 1816 τοῦ
823 1748 868 1838 μὴ
891 1753 1049 1832 ξυμπλεῖν
1071 1747 1224 1838 ἀπιστίη,
1247 1748 1290 1816 τά
1305 1775 1344 1816 τε

196 1851 288 1921 ὅπλα
309 1848 415 1919 αὐτῶν
437 1852 473 1918 ἐκ
494 1858 561 1917 τῶν
581 1848 694 1918 οἰκιῶν
715 1849 839 1936 ἐλαβεν.
882 1853 996 1919 Nescio
1019 1875 1061 1919 an
1083 1856 1169 1920 idem
1187 1854 1345 1938 judican-

201 1959 278 2023 dum
300 1958 343 2022 sit
365 1957 405 2021 de
427 1956 451 2020 Ι.
473 1958 529 2034 90,
552 1958 589 2022 9:
622 1951 766 2042 ἠξίουν..
796 1954 833 2020 τὸ
860 1952 920 2037 μὲν
941 1953 1139 2038 βουλόμενον
1171 1953 1227 2020 καὶ
1255 1953 1345 2020 ὕπο-

198 2080 285 2124 πτον
300 2062 359 2145 τῆς
373 2054 503 2144 γνώμης
524 2052 564 2122 ου’
586 2058 757 2144 δηλοῦντες
779 2054 812 2134 ἐς
833 2054 910 2134 τούς
927 2051 1134 2143 Ἀθηναίους,
1159 2053 1204 2135 ὡς
1225 2057 1262 2124 δὲ
1283 2066 1346 2125 τοῦ

197 2156 379 2247 βαρβάρου,
403 2155 434 2225 εἰ
455 2151 558 2236 αὖθις
578 2157 738 2237 ἐπέλθοι,
763 2153 821 2222 oda
843 2151 882 2222 άν
904 2155 1033 2240 iigmor
1047 2155 1118 2224 άπὸ
1139 2156 1253 2243 ἐχυροῦ
1275 2185 1345 2226 νιο-

198 2269 262 2330 aa
274 2315 282 2330 .
296 2314 303 2330 .
317 2314 324 2328 .
347 2258 530 2345 ὁρμᾶσθαι.

286 2365 440 2448 Sequitur
461 2386 547 2430 nunc
561 2364 702 2430 secunda
716 2361 895 2446 particulae
918 2355 963 2440 ὥς
984 2385 1055 2428 cum
1078 2365 1251 2448 participio
1267 2388 1347 2432 cou-

194 2470 328 2552 junctae
349 2466 559 2550 significatio:
589 2472 696 2549 potest
725 2466 811 2530 enim
832 2465 914 2529 haec
934 2466 1093 2547 particula
1115 2488 1186 2530 cum
1209 2471 1347 2549 partici-

199 2571 253 2653 pio
277 2568 379 2634 futuri
409 2569 581 2651 conjuncta
614 2567 709 2632 finem
731 2567 866 2650 agendi,
902 2588 965 2648 qno
986 2567 1166 2648 subjectum
1186 2577 1344 2649 movetur,

199 2672 387 2755 exprimere.
430 2670 704 2752 Frequentissima
719 2675 795 2734 sunt
808 2668 904 2750 hujus
919 2667 1160 2752 significationis
1183 2673 1343 2756 exempla,

199 2773 390 2856 praesertim
411 2779 486 2855 post
501 2773 633 2836 verbum
654 2765 971 2852 παρασκευάζεσθαι.
1016 2771 1164 2836 Nativam
1179 2773 1345 2856 significa-

198 2876 319 2940 tionem
342 2874 440 2939 etiam
468 2872 521 2936 hie
553 2874 804 2955 comparativum
826 2892 903 2950 esse,
933 2874 971 2950 is,
1006 2875 1061 2955 qui
1083 2882 1234 2942 accurate
1257 2879 1345 2962 ejus·
1448 2923 1449 2942 ,

199 2976 285 3039 modi
305 2975 393 3039 locos
415 2974 672 3051 consideraverit,
695 2973 789 3038 facile
810 2973 979 3054 intelliget.

283 3076 307 3140 l
330 3077 381 3153 26,
408 3076 460 3140 18:
482 3070 713 3159 στρατεύουσιν
734 3070 788 3140 ἐπ’
810 3070 927 3152 αὐτοὺς
948 3069 981 3138 οἱ
1004 3079 1199 3160 Κερκυραῖοι
1220 3100 1342 3145 τεσσα-

198 3173 339 3264 ράκοντα
360 3175 455 3244 ναυσὶ
475 3173 644 3259 μετὰτῶν
665 3173 817 3263 φυγάδων
839 3171 884 3253 ὡς
904 3173 1096 3257 κατάξοντες
1117 3180 1345 3260 (proficiscun-

198 3288 254 3346 tur
274 3288 313 3346 nt
327 3281 480 3357 homines,
504 3281 561 3363 qui
583 3279 748 3345 reducturi
771 3286 846 3344 sunt
860 3318 900 3326 —
924 3279 1050 3346 facilem
1071 3301 1111 3344 ex
1126 3281 1188 3346 hac
1208 3283 1345 3350 vicom-

199 3385 347 3466 parativa
368 3382 411 3446 ad
432 3382 504 3448 finis
525 3381 790 3464 significationem
813 3403 881 3447 esse
902 3384 1073 3447 transitum
1094 3387 1210 3469 patet).
1253 3386 1301 3455 Cf.
1318 3388 1343 3454 Ι.

200 3485 251 3563 63,
277 3482 410 3562 11;97,
435 3484 564 3562 7;100,
589 3484 638 3548 12.
681 3483 720 3547 Π.
746 3485 775 3561 7,
798 3485 835 3560 33
861 3486 913 3568 12,
936 3487 965 3548 4.
1008 3484 1064 3549 ΠΙ.
1090 3487 1138 3563 15,
1162 3489 1192 3564 63
1233 3489 1289 3555 IV.
1312 3493 1343 3570 8,

202 3587 241 3651 16
263 3591 324 3651 etc.

283 3687 380 3752 Haud
402 3707 476 3752 raro
498 3686 617 3751 deinde
631 3686 712 3752 haec
726 3687 888 3768 particula
907 3708 1006 3768 quum
1028 3688 1196 3771 adjectivis
1218 3698 1251 3756 et
1265 3693 1345 3760 sub-

200 3791 348 3855 stantivis
369 3794 438 3854 tum
459 3789 638 3872 participiis
660 3789 815 3870 adjuncta
836 3789 1053 3872 restringendi
1075 3792 1137 3854 vim
1160 3792 1268 3871 habet,
1291 3795 1343 3860 la-

200 3894 288 3958 tinae
308 3892 485 3976 particulae
509 3896 586 3969 „ut“
609 3891 707 3956 etiam
727 3892 761 3954 in
777 3892 839 3956 hac
852 3912 888 3955 re
904 3895 1108 3977 respondens.
1154 3894 1199 3959 cf.
1222 3895 1343 3979 Nepos,

199 3994 312 4077 Epam.
333 3995 371 4058 5:
392 3993 587 4059 Meneclides
610 3995 689 4058 satis
711 3994 905 4060 exercitatus
927 3997 960 4059 in
983 3996 1136 4072 dicendo,
1155 4001 1193 4062 nt
1214 3997 1343 4064 Theba·

201 4119 262 4163 nus
283 4097 407 4162 scilicet
428 4095 495 4176 (liir
510 4097 601 4160 einen
617 4094 811 4179 Thebaner).
854 4096 878 4162 I.
904 4099 952 4174 10,
976 4098 1033 4161 35:
1057 4090 1095 4161 οδ
1117 4098 1238 4164 πολλοὶ
1260 4101 1343 4186 φαί-
