2952 4754
753 268 795 336 42

207 473 270 516 nou
292 455 404 518 sentiri
427 475 447 520 a
467 455 683 539 scriptoribus.
726 455 775 521 Ibi
797 456 891 539 hujos
913 457 1120 524 detractionis
1142 456 1224 522 haec
1245 454 1343 520 affert

208 555 366 639 exempla:
408 556 432 621 Ι.
456 558 525 637 142,
548 559 605 624 25:
632 551 690 624 ndu
712 555 882 641 ἐνδέχεται,
904 555 982 624 ὅταν
1003 555 1095 648 τύχη,
1119 555 1155 624 ἐκ
1178 555 1342 642 παρέργου

205 655 418 738 μελετᾶσθαι.

290 761 344 826 lll.
366 761 423 841 43,
460 764 508 828 17.
559 761 612 828 IV.
634 764 691 844 26,
714 765 770 842 20;
807 765 865 845 25,
889 763 918 829 7.
969 763 1005 829 V.
1028 766 1085 843 20,
1110 767 1166 842 103
1200 763 1257 843 56,
1291 763 1342 828 15.

207 862 290 931 VIII.
311 865 362 944 48,
385 866 442 943 37;
465 867 516 945 95,
538 868 589 932 21.

723 1109 742 1188 ξ
763 1107 815 1170 23.

445 1231 488 1292 ne
510 1231 711 1311 negationum
735 1231 817 1307 apud
838 1231 1008 1308 partieipia
1030 1248 1097 1292 usu.

289 1381 376 1447 Inter
396 1359 571 1465 particulas
599 1377 638 1445 od
660 1388 692 1448 st
712 1379 756 1468 μή
780 1381 983 1448 Godofredus
1004 1381 1184 1448 Hermanus
1207 1381 1265 1464 (ad
1282 1381 1342 1445 Vi-

206 1505 316 1567 gerum
338 1485 413 1566 804)
452 1505 523 1551 eam
563 1486 656 1551 docet
687 1485 887 1550 intercedere
919 1484 1077 1550 rationem
1109 1491 1147 1550 ut
1179 1484 1343 1568 particula

206 1579 244 1649 od
265 1591 359 1670 neget
380 1607 460 1668 rem,
482 1582 528 1674 μή
550 1587 775 1670 cogitationem
796 1589 851 1653 rei.
895 1586 1038 1652 Eandem
1060 1595 1167 1653 autem
1182 1587 1342 1652 rationem

205 1688 255 1754 his
277 1690 441 1772 particulis
467 1691 563 1756 etiam
588 1690 675 1773 apud
697 1690 868 1773 participia
888 1691 1065 1755 necessario
1087 1711 1216 1756 manere
1238 1691 1344 1754 mani-

149 1821 153 1828 ·
205 1791 322 1857 festum
347 1799 421 1858 nest.
474 1792 587 1876 Neque
619 1798 726 1858 tamen
762 1792 988 1876 negligendum
1029 1798 1078 1857 cst
1111 1793 1207 1872 illud,
1252 1793 1342 1874 quod

205 1894 384 1960 Hermanus
406 1894 532 1980 Sauppe
563 1897 598 1960 in
630 1894 739 1961 schola
772 1895 811 1960 dc
840 1895 965 1978 syntaxi
994 1893 1118 1961 Graeca
1139 1917 1197 1962 nos
1220 1897 1340 1974 domuit,

204 2000 339 2063 inveniri
359 1999 394 2064 in
426 2001 630 2082 negationum
660 2019 722 2063 usu
746 1997 833 2062 haud
855 2017 967 2082 pauca,
1001 2019 1084 2080 quae
1105 1999 1253 2082 neglecta
1283 1998 1342 2064 illa

205 2101 346 2186 generali
367 2102 477 2184 regula
499 2102 568 2185 ipso
583 2123 643 2166 usu
664 2098 910 2166 subintroducta
932 2101 1024 2182 quasi
1046 2120 1085 2165 ac
1100 2100 1244 2167 stabilita
1265 2103 1338 2166 sint.

288 2205 346 2270 His
367 2205 550 2288 praemissis
573 2205 612 2268 de
634 2203 840 2285 negationum
869 2201 957 2286 apud
978 2203 1149 2287 participia
1169 2225 1230 2270 usu
1253 2205 1337 2289 apud

205 2306 302 2374 Thuc.
326 2308 407 2374 haec
428 2309 496 2374 fere
517 2305 686 2372 statuenda
712 2325 781 2370 osse
803 2304 962 2370 videntur.

288 2410 339 2475 Ad
372 2410 610 2495 exprImendam
641 2409 841 2492 negationem
874 2407 961 2489 apud
992 2409 1162 2492 participia
1184 2414 1267 2492 part.
1295 2404 1341 2495 μή

205 2513 378 2580 adhibetur

292 2618 322 2696 1)
346 2617 471 2700 quoties
498 2615 702 2698 participium
735 2614 949 2688 conditionem
984 2613 1134 2695 exprimit
1165 2612 1216 2677 vel
1238 2633 1341 2679 cnun-

204 2722 285 2786 tiato
319 2717 522 2786 conditionali
553 2718 709 2783 insertum
737 2721 795 2782 est.
838 2715 934 2794 135,
960 2715 1013 2779 10:
1042 2711 1076 2778 ἒν
1098 2709 1228 2780 πλείονι
1249 2708 1341 2804 αἰτίη

204 2817 297 2908 ἡμεῖς
317 2817 361 2908 μὴ
377 2816 549 2896 πείσαντες
570 2813 656 2901 ὑμᾶς
677 2814 796 2900 ἕξομεν.
839 2818 863 2882 Ι.
879 2818 930 2895 38,
955 2819 989 2893 9;
1011 2817 1063 2894 41,
1087 2818 1116 2894 7,
1139 2819 1175 2892 9;
1209 2819 1259 2897 73,
1285 2818 1337 2896 18;

208 2925 281 3003 143,
306 2925 355 2989 28.
379 2923 419 3001 Π,
441 2925 492 3000 39,
515 2923 537 2986 4
558 2929 618 2988 etc.
640 2959 681 2999 -ς
703 2921 727 2985 Ι.
751 2919 808 2999 35,
836 2922 870 2985 1:
892 2915 1006 2984 λύσετε
1027 2915 1064 2984 δὲ
1085 2913 1160 2984 οὐδὲ
1182 2916 1241 2998 τὰς
1262 2925 1340 2986 Λα-

204 3020 416 3109 κεδαιμονίων
447 3020 594 3100 σπονδὰς
622 3018 787 3105 δεχόμενοι
819 3017 904 3110 ἡμᾶς
932 3019 1115 3107 μηδετέρων
1140 3015 1237 3100 ὄντος
1259 3024 1339 3106 ξομ-

204 3127 324 3213 μάχοος
358 3127 530 3209 (ο1.01εεε.
562 3125 657 3193 adh.
679 3126 714 3210 l.)
757 3124 797 3189 Il.
829 3126 879 3205 83,
913 3124 963 3190 24.
1006 3123 1060 3188 ΠΙ.
1084 3122 1140 3204 46,
1169 3127 1204 3202 5;
1235 3126 1286 3205 59,
1310 3127 1340 3192 4.

204 3235 259 3301 IV.
281 3235 331 3313 87,
355 3233 382 3297 6.
424 3229 656 3309 71117416.

289 3338 323 3420 2)
346 3334 471 3418 quoties
492 3333 698 3418 participium
719 3329 854 3396 articulo
877 3329 1074 3396 substantive
1097 3330 1219 3395 dictum
1241 3352 1340 3415 gene-

204 3440 271 3507 rale
294 3437 456 3522 quoddam
478 3456 577 3518 genus
606 3433 781 3518 significan
813 3435 847 3497 in
880 3433 930 3498 his
958 3434 1042 3497 enim
1063 3434 1242 3517 participiis
1265 3457 1338 3501 cum

204 3542 365 3628 particula
384 3536 438 3626 μή·
451 3537 628 3622 conjunctis
653 3534 875 3600 conditionalis
897 3535 1056 3617 quaedam
1076 3535 1123 3600 vis
1144 3536 1238 3601 inest.

288 3644 312 3711 I.
336 3645 386 3722 71,
408 3644 465 3708 22:
492 3636 605 3705 λύουσι
625 3634 684 3724 γὰρ
708 3632 854 3712 σπονδὰς
875 3629 932 3717 οὔχ
954 3631 986 3701 οὶ
1008 3629 1049 3701 δι’
1071 3633 1204 3724 ἐρημίαν
1225 3631 1340 3718 ἄλλοις

205 3741 414 3833 προσιόντες,
436 3737 506 3809 ἀλλ’
528 3738 560 3807 οὶ
581 3738 625 3830 μὴ
647 3742 846 3828 βοηθοῦντες
867 3727 917 3816 οἷς
937 3730 977 3802 dv
998 3734 1198 3820 §securiorem
1217 3773 1251 3795 =
1269 3741 1339 3808 vio-

204 3853 273 3918 lant
296 3850 377 3914 enim
409 3847 539 3912 foedera
571 3845 701 3922 nonii,
737 3843 793 3926 qui
827 3848 960 3926 propter
982 3841 1187 3907 solitudinem
1209 3843 1280 3910 aliis
1303 3867 1338 3912 so

204 3953 392 4038 adjungunt,
415 3951 471 4016 sed
505 3949 628 4032 siqui
661 3969 724 4013 non
747 3945 942 4011 auxiliantur
968 3946 1027 4024 eis,
1055 3945 1245 4026 quibuscum
1264 3947 1337 4030 jure

201 4055 340 4138 jurando
362 4074 395 4118 se
418 4053 658 4134 conjunxerunt.
704 4049 773 4127 104,
799 4049 854 4124 11;
878 4046 948 4125 120,
972 4047 1000 4112 8.

289 4157 406 4234 1140,
432 4156 486 4230 17;
509 4153 565 4233 43,
587 4154 637 4219 20.
681 4152 722 4217 ΙΙ.
749 4151 806 4230 60,
838 4152 891 4216 19:
925 4143 978 4214 ὅτι
1006 4144 1065 4234 γὰρ
1093 4143 1186 4232 γνοὺς
1210 4144 1266 4212 καὶ
1291 4145 1337 4236 μὴ
