2952 4754
752 318 794 381 36

206 507 364 571 cusativos
396 526 464 571 esee
493 504 700 587 judicandos,
736 504 811 569 inde
841 503 1042 587 potissimum
1075 508 1220 587 apparet,
1254 505 1344 586 quod

205 610 312 686 etiam,
334 608 410 674 licet
430 628 495 672 non
516 608 564 672 ita
584 606 785 689 frequenter,
809 605 1025 688 personalium
1048 605 1218 671 verborum
1239 608 1345 690 parti-

204 712 260 794 pia
279 712 313 774 in
335 711 517 776 accusative
540 710 686 776 absoluto
708 714 879 793 ponuntur.

291 829 316 894 Ι.
340 831 410 907 134,
431 830 489 894 21:
519 822 564 906 ὦς
585 822 663 913 δίγος
692 822 805 906 αὐτοῖς
830 819 867 893 όν
893 823 932 892 τὸ
954 827 1192 912 πεπραγμένον.
1235 826 1287 895 IV.
1309 827 1342 905 5,

204 932 239 997 2;
266 926 299 997 ολ
320 928 356 997 δὲ
377 927 411 995 έν
432 924 587 1019 ὀλιγωρίᾳ
608 929 799 1009 ἐποιοῦντο,
832 924 892 1009 ὥς,
915 925 993 996 ὅταν
1015 927 1210 1011 ἒξέλθωσιν,
1243 920 1264 1016 ἢ
1285 922 1344 1010 οὐχ

203 1028 446 1116 ὑπομενοῦντας
479 1036 566 1120 σφᾶς
596 1025 618 1120 ἢ
654 1029 774 1120 ῥᾳδίως
806 1028 989 1119 ληψόμενοι
1019 1028 1088 1120 βίᾳ.
1136 1032 1192 1097 ΠΙ.
1214 1033 1265 1110 53,
1292 1033 1343 1096 10.

204 1136 257 1202 IV.
283 1138 353 1216 125,
376 1137 404 1202 5.
447 1134 484 1200 V.
508 1137 631 1215 65,·10.
674 1136 727 1215 VI,
750 1137 801 1216 24,
825 1140 853 1204 9.
897 1135 1039 1215 vuer,
1064 1138 1112 1202 19.

727 1342 820 1424 am

289 1462 336 1526 De
359 1460 466 1525 dativo
495 1461 657 1544 participii
686 1483 791 1544 panca
818 1462 974 1526 adnotare
997 1459 1148 1538 sufficiet,
1180 1460 1257 1542 quia
1280 1459 1343 1524 hu-

200 1564 340 1647 jusmodi
362 1562 508 1646 exempla
541 1584 580 1627 ex
608 1563 680 1646 ipsa
709 1564 808 1629 dativi
829 1569 947 1629 natura
976 1569 1075 1645 atque
1097 1583 1137 1628 ex
1159 1563 1219 1641 eis,
1256 1583 1342 1646 quae

204 1686 304 1750 supra
324 1669 345 1748 ξ
366 1665 442 1732 nde
464 1666 643 1749 participiis
664 1669 731 1732 sine
746 1667 883 1732 articulo
898 1665 1095 1731 substantive
1118 1666 1212 1731 dictis
1235 1671 1267 1730 et
1288 1667 1343 1748 §4

205 1770 245 1834 de
269 1769 447 1856 participiis
469 1769 683 1852 praedicative
705 1769 818 1853 positia
847 1769 991 1845 disserui,
1015 1768 1109 1834 facile
1131 1769 1342 1852 explicantur.

289 1888 313 1953 Ι.
337 1887 393 1966 24,
418 1889 452 1954 l:
477 1883 675 1970 Ἐπίδαμνός
700 1885 772 1954 ἔστι
803 1883 902 1966 πόλις
929 1886 963 1953 ἒν
991 1887 1081 1976 δεξιᾷ
1109 1883 1284 1954 ἐσπλέοντι
1309 1886 1344 1966 ές

202 1988 259 2057 τὸν
278 1985 391 2056 Ἰόνιον
413 1988 540 2056 κόλπον
565 2023 600 2045 =
626 1991 678 2057 fur
706 1993 818 2070 einen,
848 1993 906 2057 der
928 1993 1017 2059 —ai
1048 1994 1127 2075 quis.
1171 1991 1217 2057 cf.
1241 1992 1342 2058 Gadi·

124 2168 128 2176 ,
204 2100 316 2162 tanum
339 2093 459 2160 fretum
480 2095 615 2160 intranti
630 2096 745 2160 dextra
760 2094 869 2159 Africa
885 2101 942 2173 est,
965 2095 1056 2161 laeva
1070 2095 1199 2179 Europa
1221 2095 1340 2182 (Pru),

203 2218 300 2364 guam
323 2196 428 2364 logum
450 2195 545 2261 affert
565 2196 685 2280 Berger
707 2195 779 2280 (lat.
801 2195 856 2261 Gr.
880 2218 954 2281 pag.
979 2198 1063 2278 161).
1106 2198 1154 2262 Cf.
1176 2198 1216 2263 Π.
1238 2200 1289 2277 96,
1310 2201 1339 2264 4.

233 2348 241 2364 .
264 2300 313 2377 10,
336 2301 356 2364 2
381 2348 388 2364 .

289 2418 313 2483 Ι.
337 2421 386 2497 10,
410 2419 448 2483 5:
482 2413 567 2503 πρὸς
587 2413 647 2496 τὰς
675 2411 832 2501 μεγίστας
866 2411 896 2483 δ’
918 2408 974 2482 οὖν
996 2415 1052 2483 καὶ
1073 2415 1245 2502 ἐλαχίστας
1265 2429 1343 2503 ναῦς

202 2519 241 2587 τδ
269 2518 371 2603 μέσον
400 2523 579 2586 σκοποῦντι
612 2516 650 2585 eri
682 2517 803 2586 πολλοὶ
835 2515 1008 2608 φαίνονται
1035 2517 1189 2602 ἐλθόντες
1214 2558 1248 2578 --
1274 2548 1342 2593 me-

203 2625 292 2689 dium
324 2625 507 2690 aestimanti
544 2645 607 2690 non
644 2625 735 2691 multi
772 2625 922 2691 videntur
949 2626 1080 2691 venisse.
1118 2668 1155 2676 -
1195 2627 1242 2694 Of.
1265 2628 1339 2698 Tac.

208 2725 314 2792 Germ.
338 2725 372 2790 6:
414 2725 451 2792 In
473 2729 656 2794 universum
681 2727 862 2793 aestimanti
884 2728 972 2811 apud
994 2727 1169 2795 Germanos
1190 2732 1262 2814 plne
1282 2754 1341 2816 pe-

85 2818 95 2833 ‘
204 2848 262 2894 nes
284 2827 427 2912 peditem
448 2830 644 2896 roborieeet.
688 2829 712 2894 Ι.
727 2831 779 2907 21,
803 2830 857 2905 12;
883 2830 952 2909 139,
976 2833 1003 2896 6.
1045 2831 1085 2896 Π.
1107 2831 1158 2911 49,
1181 2833 1216 2911 5;
1237 2835 1339 2913 51,1;

206 2907 1230 3012 mammaemammmumm

289 3050 409 3130 Ι..125,
432 3053 473 3116 7:
504 3045 592 3133 ὅμως
621 3049 661 3136 Ιδὲ
682 3050 939 3133 καθισταμένοις
969 3053 1025 3137 (sc.
1054 3048 1180 3140 αὐτοῖς)
1208 3045 1253 3120 ὧν
1275 3054 1341 3125 ἔδει

206 3148 353 3231 ἐνιαυτὸς
373 3150 433 3235 μὲν
455 3147 493 3218 ori
517 3149 660 3242 διετρίβη
686 3183 721 3211 =
747 3155 1005 3240 comparantibus
1032 3159 1077 3222 eis
1100 3158 1190 3244 (dum
1213 3181 1342 3245 compa·

206 3256 294 3342 rant)
318 3277 423 3323 annua
444 3278 507 3323 non
530 3264 579 3323 eet
601 3257 752 3342 dilapsus.

290 3377 346 3442 III.
369 3378 421 3456 29,
445 3379 482 3442 2:
503 3372 619 3464 ἡμέραι
640 3367 722 3463 ἦσαν
744 3381 784 3463 τῇ
805 3373 977 3465 Μυτιλήνῃ
999 3372 1158 3467 ἓαλωκυίρ
1178 3377 1265 3447 aava
1287 3378 1342 3448 ὅτε

207 3479 426 3546 κατέπλευσεν
452 3514 484 3538 =
522 3480 574 3546 fiir
596 3480 764 3565 Mytilene,
796 3480 844 3546 als
877 3501 910 3546 es
939 3481 1179 3564 eingenemmen
1213 3506 1279 3551 war
1300 3526 1340 3536 —

208 3583 276 3648 dica
297 3589 371 3667 post
400 3588 528 3666 captam
561 3582 737 3666 Mytilenen
767 3589 890 3666 septem
917 3592 1018 3649 erant.
1068 3585 1341 3668 cf.111.44,10.
1449 3567 1450 3582 ¹

207 3684 260 3750 IV.
281 3686 333 3764 56,
358 3686 386 3749 1.
429 3684 467 3749 V.
489 3685 540 3762 20,
564 3685 592 3748 9.
637 3683 721 3751 VIII.
743 3687 794 3765 24,
818 3686 874 3764 32;
896 3684 947 3764 37,
973 3688 1019 3752 14.

292 3785 405 3870 Neque
427 3787 541 3866 inhia,
565 3789 622 3870 qui
643 3793 836 3872 sequuntur,
859 3788 938 3854 loeis
959 3791 1047 3856 aliud
1069 3791 1222 3858 habemus
1244 3814 1341 3876 quam

209 3891 351 3957 dativum
374 3911 445 3956 cum
464 3892 634 3974 participio
657 3890 873 3974 praedicative
896 3892 982 3958 dieto
1005 3894 1215 3978 conjunctum.

293 4010 334 4074 II.
356 4012 386 4088 3,
408 4009 445 4074 9:
467 4014 513 4096 τῷ
534 4007 660 4096 πλήθει
679 4003 717 4074 οδ
737 4010 922 4098 βουλομένῳ
942 4002 981 4099 ἦν
995 4009 1205 4099 ἀφίστασθαι
1223 4046 1258 4074 =
1285 4019 1341 4082 de-

209 4111 304 4178 ficere
326 4110 467 4177 nubebat
503 4113 581 4188 (Das
602 4113 750 4178 Abfallen
782 4114 872 4178 hatte
906 4116 963 4180 das
985 4113 1067 4180 Volk
1098 4117 1145 4182 ala
1177 4121 1228 4184 ein
1251 4119 1340 4186 nicht

209 4214 405 4296 wollendee).
