2952 4754
737 235 780 299 24

189 425 242 510 (n.
264 426 316 504 49,
337 425 390 500 40,
427 422 483 488 uon
515 393 588 487 viae
611 421 765 488 orassem
793 422 1061 505 adnotationem),
1094 418 1246 510 ἐξαίφνης
1275 407 1336 510 (nj
1460 393 1461 402 '

188 529 240 606 49,
262 529 292 594 5.
336 526 404 590 VII.
426 527 476 603 32,
504 527 560 601 113
582 525 633 602 40,
657 526 702 608 2),
726 519 898 609 αἰφνιδίως
919 523 987 587 VH.
1010 529 1038 600 3,
1064 522 1091 590 1.

275 626 438 693 Nonnulla
466 627 622 708 ejusmodi
650 627 823 710 participia
852 626 1076 692 adverbiorum
1106 628 1172 693 fere
1205 629 1329 712 signifi-

190 731 349 796 cationem
372 728 492 795 habere
514 734 602 794 recte
624 729 827 812 grammatici
849 728 1015 793 adnotant.

273 831 313 895 Π.
336 831 387 911 47,
413 833 468 896 11:
503 829 714 908 τελευτῶντες
740 824 845 896 αὐτῶν
872 823 1064 916 ἀντέστησαν
1091 831 1266 916 (postremo
1288 835 1331 901 ab

190 936 236 1000 eis
259 935 316 1018 (sc.
338 933 450 1019 rebus)
475 934 694 1018 destiterunt).
737 933 789 1010 51,
814 935 862 997 12.
886 975 926 985 -
948 933 1002 998 IV.
1026 934 1076 1011 64,
1103 938 1137 998 1;
1167 929 1253 1020 ἅπερ
1275 933 1333 1001 καὶ

190 1029 367 1121 ἀρχόμενος
389 1027 493 1101 εἶπον.
539 1036 592 1100 VI.
616 1034 667 1113 53,
692 1027 994 1116 16;’ἒπιστάμενος
1015 1029 1032 1099 ὁ
1056 1035 1157 1122 δῆμος
1178 1033 1237 1124 τὴν
1260 1088 1267 1103 .
1290 1088 1297 1103 .
1322 1087 1329 1102 .

190 1133 363 1223 τυραννίδα
384 1137 529 1225 χαλεπὴν
552 1138 751 1203 τελευτῶσαν
773 1134 943 1222 γενομένην
966 1186 973 1201 .
998 1185 1005 1202 .
1030 1187 1037 1201 .

275 1239 359 1307 VIII.
382 1240 433 1320 81,
455 1242 514 1307 22:
543 1232 581 1327 ἢν
616 1237 673 1326 δέη
706 1238 903 1302 τελευτῶντα
934 1235 992 1325 τὴν
1021 1232 1136 1304 ἑαυτοῦ
1164 1239 1333 1330 στρωμνὴν

190 1338 416 1426 ἕξοργυρῶσαι.

274 1444 465 1510 Accuratius
487 1442 737 1509 considerandus
760 1446 809 1507 est
830 1440 929 1518 locun,
963 1444 1019 1525 qui
1041 1449 1091 1508 est
1122 1444 1176 1509 IV.
1200 1448 1250 1525 72,
1273 1450 1333 1513 22:

190 1540 229 1610 ori
255 1549 369 1626 μέντοι
395 1541 430 1611 ἔν
455 1567 491 1630 ηε
512 1549 557 1632 τῷ
584 1541 686 1609 παντὶ
713 1539 794 1630 ἔργῳ
815 1538 966 1629 ζβεβαίως
987 1537 1153 1631 οὐδέτερον
1175 1546 1326 1636 τελευτή-

190 1668 305 1725 σαντες
326 1641 566 1734 ἀπεκρίθησαν.

276 1750 430 1817 Glassenii
452 1750 624 1835 explicatio
654 1751 775 1835 duplici
803 1750 931 1816 videtur
962 1750 1039 1814 vitio
1069 1750 1235 1817 laborare:
1268 1755 1333 1837 pri-

190 1873 276 1917 mum
298 1855 384 1917 enim
405 1858 493 1917 recte
508 1850 652 1918 Stahlius
665 1853 769 1937 rejicit
786 1852 1031 1936 explicationem
1045 1855 1210 1937 participii
1224 1854 1333 1920 τελεο-

189 1949 346 2038 τήσαντες
367 1954 409 2019 ab
432 1974 469 2018 eo
490 1955 659 2037 prolatam,
683 1957 769 2038 quod
792 1960 993 2038 ‚,poctremo“
1016 1954 1123 2021 valere
1142 1963 1253 2039 putat3
1275 1979 1333 2023 ne-

191 2079 253 2140 que
277 2059 360 2122 enim
381 2055 461 2122 haec
492 2056 597 2121 forma
626 2058 691 2121 ullo
713 2059 777 2122 alio
797 2058 868 2120 loco
900 2056 984 2121 hanc
1006 2056 1150 2122 adverbii
1172 2060 1332 2141 significa-

190 2161 310 2224 tionem
332 2158 431 2222 habet
463 2178 568 2240 neque
597 2158 659 2222 hoc
680 2159 751 2222 loco
772 2157 892 2223 habere
915 2164 1032 2241 potest,
1063 2181 1161 2242 quum
1182 2157 1332 2248 τελευτή-

190 2281 305 2336 σαντες
332 2267 365 2326 et
387 2253 618 2344 ἀπεκρίθησαν
648 2259 745 2323 etiam
774 2257 913 2341 probata
936 2259 1089 2326 Classenii
1120 2263 1333 2345 explicatione

189 2370 335 2446 temporo
364 2361 555 2428 coincidunt.
620 2360 743 2425 Deinde
771 2359 848 2426 ferri
878 2383 942 2426 non
970 2383 1065 2446 posse
1093 2370 1172 2446 puto
1202 2386 1333 2448 neugma

189 2465 279 2541 illud,
314 2466 400 2546 quod
429 2464 545 2528 statuit
566 2464 685 2540 dicens,
719 2456 949 2549 ἀπεκρίθησαν
983 2466 1017 2529 in
1048 2467 1152 2548 primo
1175 2468 1333 2533 enuntiati

190 2565 332 2631 membro
354 2566 461 2631 valere
492 2587 570 2643 „zur
591 2565 832 2650 Entscheidung
852 2567 1040 2651 gelangeu“,
1073 2570 1107 2633 in
1133 2569 1235 2635 altero
1258 2591 1333 2653 sup-

190 2669 313 2754 pletum
335 2669 441 2734 valere
464 2688 543 2746 „aus
566 2668 720 2733 einander
742 2669 856 2750 gehen,
881 2669 1076 2735 discederet

276 2770 389 2853 Neque
416 2791 490 2835 vcro
523 2769 692 2853 probanda
719 2776 768 2834 est
789 2770 905 2834 Stahlii
933 2773 1051 2854 opinio,
1081 2772 1137 2853 qui
1159 2767 1253 2837 οὐδέν
1275 2776 1333 2840 ad-

192 2872 333 2937 dendum
355 2873 525 2954 locumque
548 2871 738 2936 vertendum
761 2890 829 2934 esse
852 2878 978 2936 censet:
1002 2894 1095 2950 „cum
1118 2880 1205 2940 certo
1219 2883 1335 2942 eventu

192 2975 300 3038 neutri
322 2974 502 3055 quidquam
525 2973 697 3038 exsecuti.“
743 2972 842 3036 Recte
865 2975 947 3038 enim
972 2975 1040 3058 jam
1062 2975 1223 3042 Ulrichius
1247 2979 1335 3063 (Bei-

192 3079 286 3157 triige
315 3097 371 3140 zur
393 3074 500 3139 Kritik
529 3074 585 3140 des
608 3073 705 3138 Thuc.
735 3073 759 3136 Ι.
784 3075 826 3139 20
849 3078 942 3160 sqq.)
965 3077 1088 3154 docuit,
1120 3079 1253 3144 verbum
1280 3104 1335 3145 τε-

192 3175 309 3263 λευτᾷν
346 3197 419 3241 cum
455 3176 581 3262 objecto
618 3197 683 3240 non
719 3198 812 3259 posse
850 3179 1009 3263 conjungi,
1047 3182 1136 3263 cujus
1169 3183 1217 3246 rei
1246 3182 1334 3248 alind

192 3279 375 3361 exemplum
396 3299 461 3342 non
484 3283 636 3354 exstaret,
659 3279 796 3361 ideoque
819 3283 1034 3365 corruptelam
1048 3283 1152 3348 inesse
1170 3285 1243 3366 jure
1265 3306 1336 3349 suc-

192 3383 319 3465 pioatus
341 3385 399 3445 eet.
455 3379 620 3457 Quomodo
644 3385 752 3445 autem
774 3381 862 3447 locus
884 3386 1089 3466 corrigendus
1111 3392 1207 3461 eaoet,
1230 3406 1335 3467 neque

192 3484 248 3549 ille
271 3485 348 3548 satis
371 3481 532 3547 intellexit
553 3503 658 3564 neque
680 3483 762 3548 alius
785 3485 964 3566 quisquam.

278 3587 313 3670 2)
336 3583 511 3667 Participia
534 3591 566 3648 et
588 3604 716 3649 causam
739 3591 772 3649 et
794 3584 890 3650 finem
911 3589 1029 3670 agendi
1051 3586 1241 3671 significant.

279 3688 302 3751 I.
327 3685 375 3764 17,
407 3686 441 3749 1:
478 3680 636 3771 Τύραννον
666 3684 702 3750 δὲ
730 3681 806 3751 ὅσοι
834 3682 916 3773 ἦσαν
946 3738 952 3752 .
978 3737 984 3750 .
1010 3738 1033 3768 .,
1071 3686 1109 3754 τὸ
1139 3687 1191 3775 ἐφ’
1214 3683 1336 3753 ἑαυτῶν

193 3785 293 3873 μόνον
310 3783 556 3870 προορώμενοι.
582 3836 590 3852 .
615 3837 639 3868 .,
663 3782 705 3852 δι’
720 3783 924 3875 ἀσφαλείας.
950 3840 956 3854 .
982 3839 988 3852 .
1012 3788 1072 3868 τὰς
1086 3787 1202 3867 πόλεις
1223 3785 1335 3878 ᾤκουν.

279 3892 331 3968 50,
353 3892 387 3956 6:
410 3888 543 3954 πολλῶν
566 3885 626 3973 γὰρ
648 3894 727 3954 νεῶν
750 3885 855 3955 οάσῶν
876 3888 1147 3979 ἀμφοτέρωνκαὶ
1169 3889 1229 3956 ε’πὶ
1250 3891 1336 3959 πολδ

194 3996 252 4079 τῆς
267 3989 441 4077 θαλάσσης
463 3989 650 4072 ἀπεχουσῶν
668 4041 676 4058 .
700 4043 706 4056 .
731 4041 738 4056 .
761 3987 799 4057 od
821 3988 941 4080 ῥᾳδίως
961 3991 1020 4080 τὴν
1042 3991 1217 4078 διάγνωσιν
1238 3991 1335 4062 ἐποι-

195 4115 299 4158 συντο.
