2952 4754
748 269 791 350 40.

200 479 261 524 σαν
281 451 456 543 Ἀίχινῆται
477 459 548 535 τοῖς
563 451 756 543 Ἀθηναίοις
776 452 863 543 τείχη
890 479 925 520 τε
955 454 1158 537 περιελόντες
1176 452 1242 519 καί
1262 459 1339 534 ναῦς
1455 451 1456 490 ³

202 553 405 647 παραδόντες
426 557 527 647 φόρον
541 583 577 625 τε
591 555 764 641 ταξάμενοι
851 561 921 636 101,
947 560 1004 637 12;
1027 559 1097 637 117,
1123 559 1172 622 14.
1215 558 1269 623 IV.
1286 557 1337 638 72,

200 665 257 740 22;
282 664 351 742 112,
377 664 424 728 13.
467 663 503 729 V.
526 665 577 740 28,
603 664 651 729 14.
695 661 779 728 vm.
803 662 854 741 31,
879 663 919 727 16
941 668 974 727 et
995 661 1072 728 alibi
1093 661 1220 745 passim.

285 764 472 849 Excipiendi
494 772 569 832 sunt
584 765 707 848 aliquot
728 764 799 842 loci,
823 764 878 830 ubi
899 765 992 830 nobis
1014 766 1098 830 actio
1120 763 1284 847 participii
1305 768 1340 828 et

201 869 290 935 verbi
312 867 365 933 fin.
396 868 508 936 codem
537 875 681 952 tompore
712 866 783 932 fieri
805 867 945 946 videtur,
978 867 1159 934 accuratius
1187 887 1262 931 vero
1288 866 1341 928 in-

202 971 413 1056 spicientibus
434 978 587 1056 apparet,
608 971 780 1056 participio
799 991 865 1036 aor.
881 970 1150 1053 quemadmodum
1171 968 1268 1035 etiam
1289 969 1341 1032 in-
1456 981 1457 1028 ζ

203 1075 341 1142 dicativo
373 1073 461 1140 hand
493 1095 567 1138 raro
598 1073 732 1158 alicujus
756 1072 948 1139 conditionis
979 1073 1029 1139 rel
1057 1072 1191 1138 actionis
1211 1071 1342 1137 initium

202 1177 376 1263 significari
398 1176 535 1260 ideoque
557 1176 729 1260 participio
757 1197 793 1241 re
821 1195 897 1241 vera
919 1177 1077 1241 actionem
1098 1175 1187 1241 verbi
1209 1173 1262 1240 fin.
1286 1195 1343 1240 ac-

203 1282 284 1349 tioni
305 1287 449 1364 tempore
470 1279 714 1346 antecedentem
737 1278 881 1364 exprimi.

286 1383 311 1448 l.
328 1385 376 1462 12,
393 1385 429 1448 2:
452 1376 537 1447 ὥστε
551 1378 595 1468 μὴ
610 1375 816 1468 ἡσυχάσασαν
839 1385 894 1458 (sc.
910 1375 968 1466 τὴν
988 1374 1137 1460 Ἑλλάδα)
1160 1372 1344 1465 αὐξηθῆναι

207 1519 242 1542 =
267 1488 314 1553 ita
334 1491 371 1551 ut
388 1485 525 1552 Graecia
546 1506 619 1561 non,
642 1485 924 1567 quietemadepta,
948 1489 1127 1566 augeretur.
1149 1520 1189 1530 -
1214 1482 1344 1559 124,10

204 1582 468 1675 (νομίσαντες...
501 1581 702 1674 ψηφίσασθε
735 1582 792 1650 τὸν
824 1580 978 1666 πόλεμον,
1007 1582 1051 1672 μη
1081 1582 1345 1671 φοβηθέντες...

204 1687 496 1778 ἐπιθυμήσαντες).
511 1727 552 1736 -
572 1689 628 1754 ΙΠ.
643 1690 694 1767 20,
718 1691 758 1755 10
781 1681 1046 1773 (ἀπώκνησαν...
1069 1683 1278 1774 ἡγησάμενοι)
1301 1725 1346 1738 -

204 1793 243 1860 V.
267 1795 338 1872 116,
362 1795 398 1858 1:
425 1787 685 1874 Λακεδαιμόνιοι
707 1787 925 1877 μελλήσαντες
945 1788 978 1868 ἐς
999 1788 1057 1877 τὴν
1078 1785 1221 1876 Ἀργείαν
1243 1812 1347 1875 στρα-

204 1892 306 1963 τεύειν
328 1895 457 1982 (Olass.:
479 1895 637 1962 nachdem
660 1895 705 1961 sie
729 1895 809 1962 alles
831 1894 885 1960 liir
905 1895 968 1960 den
991 1894 1060 1978 Zug
1081 1895 1115 1959 in
1129 1892 1348 1960 Bereitschatt

205 2004 328 2084 gesetct
349 1998 477 2084 hatten)
558 1991 772 2084 ἀνεχώρησαν.

228 2379 261 2448 v.
306 2377 496 2466 illiciuntur
519 2375 626 2464 alique
656 2375 694 2446 dc
718 2375 953 2461 participiorum
978 2394 1053 2446 usus
1077 2377 1323 2464 proprietalibus

665 2479 887 2548 additamenta.

729 2653 749 2731 ξ
771 2652 821 2715 22.

564 2773 609 2834 De
632 2773 796 2835 omissione
818 2772 991 2852 participii.

294 2923 435 2988 Primum
457 2923 611 2989 hocloco
633 2925 810 2990 notandum
826 2931 882 3002 est,
906 2923 1030 3007 aliquot
1051 2923 1164 3002 verba,
1187 2947 1270 3008 quac
1291 2946 1351 2989 no-

210 3028 306 3093 tionis
329 3025 536 3109 complendae
559 3046 656 3091 causa
678 3028 884 3112 participium
905 3026 966 3092 sibi
987 3026 1162 3112 adjungere
1173 3049 1272 3112 supra
1293 3049 1352 3092 ex-

210 3129 352 3214 positum
374 3135 433 3207 est,
456 3128 553 3194 otiam
577 3149 650 3193 cum
665 3129 830 3215 adjectivis
852 3151 916 3195 non
937 3129 1048 3194 addito
1064 3130 1234 3214 participio
1256 3151 1352 3214 posse

212 3232 353 3300 construi
376 3237 474 3315 atque
508 3231 611 3296 minus
633 3238 721 3300 recte
749 3233 867 3312 doceri,
897 3233 932 3297 in
963 3233 1012 3297 his
1034 3233 1111 3298 locis
1132 3234 1351 3318 participium,

212 3333 300 3419 quod
323 3341 373 3400 est
394 3325 457 3411 ἀίν,
483 3334 597 3398 omitti.

296 3435 385 3501 Haec
407 3435 506 3502 verba
528 3447 603 3501 sunt

300 3540 333 3623 1)
354 3532 582 3622 τοχχοίνεινε
604 3537 627 3602 Ι.
651 3537 701 3614 32,
725 3538 763 3602 9:
784 3534 932 3624 τετύχηκε
949 3538 986 3604 τὸ
1002 3533 1081 3604 αὐτὸ
1104 3535 1353 3625 ἐπιτήδευμα...

213 3636 331 3725 troya
351 3637 406 3704 καί
428 3633 661 3727 ἀξύμφορον...
702 3641 771 3718 106,
793 3641 824 3706 4.
862 3641 901 3707 ΙΙ.
924 3642 973 3721 87,
996 3644 1045 3709 23.
1083 3642 1120 3707 V.
1137 3645 1188 3722 20,
1215 3645 1261 3710 10.
1305 3645 1355 3710 Cf.

215 3744 313 3810 Glass.
336 3743 389 3808 ad.
412 3742 435 3807 Ι.
459 3744 509 3822 32,
532 3744 562 3807 9.

300 3848 332 3928 2)
356 3839 451 3929 epos:
493 3845 549 3910 III.
574 3845 622 3924 16,
648 3847 703 3911 1οι
724 3839 861 3928 ὁρῶντες
877 3843 979 3910 πολὺν
994 3843 1050 3912 τὸν
1066 3846 1261 3932 παράλογον.
1310 3849 1353 3915 ΙΙ.

215 3948 267 4030 45,
289 3951 319 4015 2.
355 3947 412 4013 Ill.
429 3947 479 4026 82,
495 3947 546 4014 47,
591 3948 643 4013 IV.
666 3948 717 4026 24,
741 3949 768 4012 7.
805 3947 857 4011 VI.
881 3949 932 4025 51,
955 3951 984 4015 8.
1021 3948 1103 4014 VIII.
1129 3951 1176 4028 10,
1200 3952 1234 4028 7;
1258 3952 1307 4028 66,
1326 3954 1357 4017 7.

301 4052 336 4135 3)
360 4045 640 4115 ἐπίστασθαι·
662 4050 703 4114 ΙΙ.
725 4049 777 4126 44,
802 4052 832 4116 3.

300 4153 336 4239 4)
358 4144 626 4238 ἀποφαίνεινι
661 4151 716 4216 ΠΙ.
738 4153 788 4232 94,
811 4153 863 4217 21.
