2952 4754
680 231 743 349 33ι

125 478 262 556 guntur.
317 469 433 552 Itaque
466 469 529 535 hoc
558 470 629 536 loco
660 475 772 549 restat,
805 474 843 534 ut
870 471 1085 554 proprietates
1109 474 1267 557 quasdam

125 575 272 658 quaein
295 573 459 657 participii
481 572 621 638 absoluti
643 594 703 639 usu
732 574 933 664 contingunt,
964 577 1146 642 accuratius
1173 597 1271 662 expo-

126 698 258 744 namus.

655 925 676 1004 ξ
700 923 762 988 18.Ι

500 1047 544 1107 lie
566 1046 721 1126 genitivis
744 1045 906 1107 absolutis.

221 1200 358 1265 Genitivi
380 1198 518 1265 absoluti
540 1200 587 1263 ita
601 1197 790 1282 plerumque
812 1205 1056 1278 construuntur,
1080 1205 1117 1264 ut
1138 1199 1272 1281 alicujus

134 1302 325 1368 substantivi
347 1301 487 1385 genitivo
508 1302 668 1384 genitivus
681 1301 846 1385 participii
860 1302 1065 1385 adjungatur.
1107 1301 1273 1368 Interdum

134 1412 244 1470 tamen
264 1404 526 1489 impersonalium
555 1405 652 1470 etiam
681 1404 849 1470 verborum
870 1406 1028 1487 genitivus
1048 1404 1194 1470 absolute
1215 1427 1274 1489 po-

135 1510 233 1586 nitur,
257 1508 434 1593 cujusmodi
456 1505 601 1589 exempla
622 1507 709 1589 apud
733 1505 951 1591 Thucydidem
973 1507 1053 1573 haec
1074 1509 1190 1574 inveni.

219 1611 243 1676 Ι.
269 1612 298 1689 7,
313 1612 349 1676 2:
370 1607 604 1693 πλοϊμωτέρων
625 1601 737 1674 ὅντων.
782 1610 841 1687 74,
867 1612 899 1675 1:
921 1613 1036 1697 σαφῶς
1057 1609 1273 1697 δηλωθέντος,

134 1708 228 1779 ὅτι..
251 1715 308 1793 76,
333 1715 389 1779 11:
412 1707 464 1777 dei
485 1717 697 1791 καθεστῶτος
725 1709 782 1777 τὸν
809 1707 901 1798 ἥσσω
929 1705 995 1777 ὑπὸ
1018 1715 1076 1777 τοῦ
1098 1711 1275 1778 δυνατωτέ-

137 1838 194 1900 ρου
220 1812 458 1901 κατείργεσθαι.
515 1817 585 1894 116,
611 1817 664 1881 15:
702 1812 972 1901 ἐσαγγελθέντων,
1012 1811 1063 1880 ὅτι
1100 1811 1275 1882 Φοίνισσαι

137 1921 210 2005 νῆες
231 1914 284 1982 ἐπ’
306 1914 422 1996 αὐτοὺς
443 1915 610 1984 πλέουσιν.
653 1917 707 1983 IV.
735 1920 786 1998 20,
815 1919 850 1984 5:
880 1913 929 1983 ἔτι
952 1913 982 1982 d'
1002 1907 1104 1984 dccccv
1125 1911 1274 2004 οίκρίτων.

138 2021 191 2089 VI.
213 2015 269 2100 58,
295 2025 327 2086 1:
349 2015 576 2107 ἀγγελθέντος.

223 2124 268 2190 Oi
284 2124 479 2192 Classenium
501 2125 543 2190 ad
565 2124 591 2189 I.
607 2126 636 2202 7,
659 2125 679 2188 2
702 2129 790 2188 recte
805 2122 1023 2201 cunctantem,
1045 2122 1274 2208 Thucydidem,

135 2227 405 2310 quemadmodum
433 2249 529 2312 saepe
562 2227 792 2312 adjectivorum
823 2231 938 2291 neutra
970 2226 1004 2290 in
1025 2225 1143 2309 plurali
1170 2229 1276 2310 posita

134 2331 392 2414 impersonaliter
413 2337 547 2414 usurpet
569 2323 714 2414 (ἑτοῖμα,
746 2323 889 2392 ἀδύνατα
915 2316 969 2414 ἦν,
999 2348 1094 2412 saepe
1118 2328 1277 2414 adjective

136 2433 307 2518 verbalia),
337 2435 384 2498 ita
413 2436 509 2501 etiam
539 2435 571 2498 in
602 2433 750 2516 genitivis
782 2430 938 2498 absolutis
960 2431 1116 2515 ejusmodi
1137 2432 1277 2516 pluralia

139 2555 267 2618 ponere.

225 2638 288 2704 Sed
309 2642 439 2720 praeter
458 2637 538 2705 hacc
559 2637 785 2721 impersonalia
805 2637 976 2720 participia
998 2656 1094 2720 saepe
1116 2637 1213 2704 otiam
1227 2640 1277 2705 in·

137 2741 309 2806 veniuntur
337 2739 470 2823 genitivi
498 2741 741 2824 participiorum
768 2739 914 2806 absolute
936 2739 1023 2818 dicti,
1050 2740 1105 2822 qui
1127 2739 1277 2807 substan·

134 2843 201 2907 tivo
224 2847 350 2919 carent3
373 2841 563 2908 substantivi
585 2845 682 2927 igitur
703 2845 861 2927 genitivus
889 2863 929 2910 ex
952 2847 1102 2908 contextu
1124 2846 1276 2928 supplen-

137 2945 197 3010 dus
225 2951 282 3010 aut
310 2945 489 3030 subjectum
511 2946 642 3028 aliquod
671 2946 871 3012 indefinitum
902 2947 1020 3012 tertiae
1042 2965 1198 3028 personae
1221 2969 1275 3014 co-

136 3046 304 3130 gitandum
327 3054 384 3114 est.
428 3048 592 3130 Ejusmodi
613 3049 759 3133 exempla
781 3049 869 3134 apud
891 3049 989 3115 Thuc.
1010 3048 1091 3112 hacc
1112 3049 1232 3115 inveni:

221 3149 247 3213 Ι.
263 3151 344 3228 aa:
366 3144 557 3232 ἀτειχίστων
575 3147 643 3232 ἅμα
664 3143 765 3215 ὅντων
788 3151 917 3237 (Classe
940 3151 983 3216 da
997 3170 1072 3215 man
1083 3151 1167 3217 noch
1181 3151 1275 3220 keine

136 3251 271 3318 Manem
293 3253 398 3339 hatte)
422 3293 463 3301 -
493 3256 523 3332 3,
546 3254 582 3318 9:
611 3248 667 3316 καί
687 3247 899 3336 ἐπαγομένων
928 3245 1045 3328 αὐτοὺς
1073 3245 1127 3318 ἐπ’
1149 3251 1276 3343 ὠφελίᾳ

136 3351 170 3431 ἐς
190 3351 250 3430 τὰς
271 3347 372 3433 ditor
394 3353 510 3435 πόλεις
531 3357 660 3436 (classa
683 3356 726 3421 da
740 3377 814 3420 man
836 3359 881 3422 sie
902 3355 1098 3440 herbeirief).
1146 3357 1196 3436 73,
1218 3359 1287 3425 24ε.

135 3449 301 3520 ἀδυνάτων
322 3449 361 3521 ἂν
384 3453 487 3523 ὅντων
509 3458 653 3544 (suppler
685 3452 963 3544 Πελοποννησίων
991 3458 1040 3524 vel
1065 3451 1170 3544 ὑμῶν)
1192 3457 1277 3545 πρὸς

137 3561 212 3634 ναῦς
227 3556 354 3638 πολλὰς
375 3554 530 3646 ἀλλήλοις
551 3559 758 3648 ἐπιβοηθεῖν.
800 3561 825 3626 Ι.
851 3566 878 3637 1,
902 3562 938 3637 3;
961 3561 991 3639 5,
1017 3562 1065 3625 14.
1108 3561 1148 3626 11.
1171 3562 1201 3640 5,
1217 3564 1274 3642 233

139 3659 168 3737 c,
192 3661 245 3738 103
266 3663 317 3740 52,
340 3664 370 3741 5,
394 3666 431 3740 9;
455 3665 505 3742 60,
528 3666 587 3742 22;
611 3667 661 3743 77,
686 3667 740 3741 11;
764 3665 815 3742 81,
837 3664 888 3728 27.
931 3663 987 3728 ΙΠ.
1010 3663 1039 3741 3,
1065 3665 1119 3740 17;
1142 3665 1193 3743 34,
1219 3668 1273 3744 17;

138 3762 187 3840 38,
210 3765 265 3842 26;
287 3765 338 3843 45,
364 3765 418 3842 13;
440 3765 492 3844 55,
514 3768 553 3844 3;
588 3768 638 3844 70,
661 3767 698 3844 9;
733 3768 782 3844 72,
808 3768 840 3843 1;
864 3766 913 3842 82,
938 3767 967 3844 6,
989 3765 1039 3843 46,
1061 3766 1118 3842 543
1141 3765 1191 3845 89,
1214 3769 1273 3847 20;

137 3866 188 3943 92,
213 3868 262 3932 19.
305 3866 360 3932 IV.
383 3868 412 3945 3,
436 3868 471 3946 6;
497 3869 545 3947 16,
572 3870 627 3946 19;
650 3870 701 3948 21,
726 3870 778 3945 12;
802 3868 852 3945 34,
874 3868 933 3944 21;
954 3866 1005 3944 47,
1031 3869 1064 3944 1;
1088 3867 1139 3946 58,
1163 3871 1199 3947 6;
1222 3871 1274 3952 66,

135 3968 174 4045 53
197 3969 247 4047 67,
273 3970 330 4046 19;
353 3971 404 4049 73,
430 3970 483 4047 13;
508 3972 563 4048 18;
585 3971 635 4049 78,
658 3972 715 4047 20;
738 3971 788 4048 83,
811 3972 851 4035 21
861 3995 870 4047 ;
894 3969 945 4048 94,
969 3970 1024 4045 10;
1046 3969 1097 4047 96,
1120 3972 1177 4048 22;
1203 3973 1273 4054 108,

136 4071 269 4150 6et83
304 4073 378 4151 130,
401 4073 460 4148 20;
496 4073 571 4152 135,
595 4074 624 4137 6.
667 4073 705 4140 V.
731 4073 784 4151 17,
810 4073 939 4150 11,14;
976 4069 1105 4150 18,’24;
1143 4075 1273 4154 31,12;

135 4174 187 4252 33,
210 4174 245 4250 4;
276 4176 333 4254 71,
359 4177 392 4252 1;
416 4177 491 4255 103,
513 4177 543 4241 4.
587 4174 640 4241 VI.
662 4177 721 4256 33,
743 4176 779 4253 23
810 4174 1090 4255 66,12;98,11.
1132 4175 1200 4243 VII.
1221 4180 1273 4258 27,

1030 4299 1046 4350 3
