2952 4754
705 255 745 318 37

242 442 361 520 Itos,
394 442 420 504 1.
464 439 520 505 HI.
547 440 680 519 44,10.
723 441 761 506 V.
785 441 840 522 80,
864 444 897 507 7:
935 441 990 520 85,
1017 441 1064 507 13.
1106 439 1159 505 VI.
1180 441 1239 520 46,
1263 441 1292 506 9.

150 545 225 611 VII
248 545 299 623 35,
323 544 352 609 8.
394 542 478 608 VIII.
501 544 552 622 37,
578 543 632 621 143
653 545 705 623 92,
728 545 777 610 34.

243 645 289 712 cf.
311 647 385 712 Tac.
408 645 490 712 Hist.
512 648 541 725 3,
564 647 621 711 43:
655 647 778 713 (leteris
808 667 974 712 remanere
1003 646 1183 713 volentibus
1212 651 1291 713 erat.

148 752 237 816 Ann.
263 753 291 827 1,
312 750 371 816 594
393 755 431 814 44
450 747 631 832 quibusque
646 748 766 814 bellum
788 751 894 815 invitis
908 755 967 816 ant
988 749 1190 834 cupientibus
1212 754 1292 816 erat.

150 854 232 922 Sall.
255 853 327 936 Jug.
351 852 401 930 84,
426 849 461 916 34
483 870 588 934 nequo
611 850 698 935 plebi
719 853 834 918 militia
855 852 974 918 volenti
995 853 1179 937 putabatur.

457 1181 500 1251 tv.
545 1182 588 1250 lle
611 1180 768 1268 participii
790 1183 992 1268 temporibus.

678 1351 699 1428 ξ
721 1349 771 1415 21.

242 1473 289 1538 Ι)4
310 1470 442 1554 singulis
463 1467 625 1553 participii
639 1466 837 1552 temporibus
853 1505 893 1515 -
907 1469 936 1533 is
958 1469 1044 1534 onim
1065 1475 1137 1535 erat
1158 1475 1294 1553 quartus

155 1574 382 1661 disputationis
403 1577 532 1638 nostrae
551 1571 641 1636 locus
664 1608 703 1616 -
727 1590 832 1654 pauca
853 1577 937 1649 sunt,
960 1592 1044 1654 quae
1065 1574 1270 1640 adnotentur.

240 1680 287 1743 Ac
309 1679 447 1762 primum
468 1673 599 1757 quidem
620 1673 880 1756 participium
901 1677 1131 1758 praesentis
1161 1698 1224 1742 non
1247 1679 1294 1743 ita

157 1788 233 1867 apte
256 1787 289 1847 et
310 1781 353 1846 ad
375 1797 526 1862 praesens
557 1781 591 1841 et
620 1775 663 1840 ad
695 1775 918 1859 imperfectum
943 1777 1186 1860 significandum
1218 1781 1293 1864 poni

159 1885 290 1962 dicitur,
327 1902 426 1964 quum
453 1879 571 1944 rectius
599 1878 768 1954 doceatur,
800 1879 970 1962 participio
1005 1901 1109 1963 praes.
1132 1882 1293 1950 actionem

156 1987 295 2052 nondum
327 1982 518 2069 perfectam,
547 1980 604 2046 sed
625 2001 659 2047 se
682 1980 913 2063 explicantem,
944 2003 1007 2047 non
1030 1990 1139 2050 autem
1161 1987 1292 2070 proprie

156 2095 279 2156 certum
300 2085 432 2170 aliquod
455 2084 590 2150 actionis
612 2089 740 2166 tempus
755 2082 929 2168 significari
951 2087 1062 2168 itaque
1077 2087 1126 2152 vel
1149 2108 1189 2153 ex
1211 2093 1294 2153 tern-

155 2214 233 2278 pore
255 2198 353 2275 atque
375 2186 609 2272 significatione
630 2186 719 2252 vorbi
740 2185 824 2252 finiti
845 2186 895 2252 vel
917 2208 956 2251 ex
969 2187 1081 2254 addito
1103 2188 1211 2272 aliquo
1233 2190 1293 2255 ad·

154 2295 262 2363 verbio
284 2292 333 2359 vel
356 2313 396 2358 ex
428 2295 496 2356 toto
526 2289 589 2354 loci
623 2292 775 2354 contextu
807 2309 845 2355 ac
867 2309 962 2356 sensu
979 2289 1192 2375 judicandum
1214 2311 1293 2372 4444,

155 2405 265 2464 utrum
280 2397 320 2461 de
341 2393 516 2480 praeterito
540 2413 581 2456 44
597 2391 637 2457 de
651 2392 815 2475 praesenti
838 2412 880 2457 an
902 2394 1000 2458 etiam
1024 2394 1191 2462 defuturo
1213 2400 1295 2461 tem-

157 2521 235 2583 pore
257 2497 461 2581 participium
489 2493 666 2580 praesentis
693 2494 914 2578 accipiendum
937 2497 987 2561 sit.

283 2599 446 2683 Exemplis
468 2620 536 2664 rem
557 2597 761 2663 illustremus.

240 2703 265 2769 Ι.
287 2704 317 2780 2,
348 2702 402 2768 25:
435 2697 491 2767 καὶ
523 2699 662 2764 πολῖται
693 2693 873 2782 γιγνόμενοι
909 2693 1010 2778 edua
1045 2695 1114 2766 dab
1151 2700 1294 2768 παλαιοῦ

155 2800 256 2890 μείζω
278 2799 327 2870 ἔτι
350 2799 511 2891 ἐποίησαν
534 2797 659 2888 πλήθει
681 2797 869 2886 ἀνθρώπων
889 2798 947 2888 τὴν
969 2799 1077 2870 πόλιν.
1119 2803 1292 2889 Participio

155 2909 340 2993 exponitur,
364 2906 523 2990 quomodo
538 2905 660 2971 factum
676 2906 728 2981 sit,
750 2912 787 2971 44
808 2906 884 2972 urbs
906 2905 1071 2972 hominum
1086 2907 1292 2974 multitudine

124 3035 127 3042 ·
154 3015 334 3096 augeretur,
357 3030 471 3093 nempe
492 3009 555 3086 ita3
576 3014 613 3073 ut
630 3009 751 3087 exules,
774 3009 830 3092 qui
845 3014 942 3074 44444
957 3011 1193 3077 commemorati
1208 3017 1291 3090 sunt,

155 3118 269 3181 iterum
292 3119 392 3196 atque
413 3114 529 3178 iterum
551 3111 733 3195 acciperent
754 3112 922 3178 civitatem.
966 3111 1138 3197 Participio
1159 3114 1229 3197 ipso
1251 3115 1291 3180 de

153 3226 296 3302 tempore
318 3215 399 3283 nihil
420 3215 595 3290 indicatum
626 3215 683 3280 sed
707 3236 746 3281 ex
768 3215 872 3280 verbis
894 3207 964 3278 ἀπὸ
986 3214 1130 3280 παλαιοῦ
1153 3223 1185 3282 44
1207 3217 1291 3282 aori-

154 3327 203 3387 444
225 3314 385 3406 ἐποίησαν
418 3316 457 3382 de
487 3323 629 3400 tempore
656 3319 832 3402 praeterito
864 3337 1041 3382 44444444
1069 3338 1137 3384 4444
1158 3320 1291 3403 partici-

152 3426 306 3509 piumque
329 3420 508 3506 praesentis
530 3441 589 3503 pro
616 3419 803 3503 imperfecto
825 3421 964 3504 positum
985 3440 1053 3486 esse
1076 3420 1290 3505 intelligimus.

239 3525 285 3589 Cf.
306 3524 331 3589 1.
354 3524 385 3602 5,
407 3525 436 3587 5.
459 3561 499 3570 -
520 3522 545 3587 Ι.
567 3523 598 3599 2,
622 3524 654 3588 1:
684 3517 836 3609 polaenae
863 3517 882 3610 ἡ
905 3524 960 3586 νῦν
978 3517 1092 3599 Ἑλλὰς
1112 3522 1290 3610 καλουμένη

152 3621 191 3692 οὐ
206 3623 313 3690 πάλαι
333 3620 477 3709 βεβαίως
498 3618 683 3712 οἰκουμένη,
707 3620 791 3690 ἀλλὰ
806 3619 1061 3706 μεταναστάσεις
1082 3648 1118 3689 τε
1133 3614 1227 3691 οὖσαι
1247 3623 1289 3689 τὰ

153 3725 295 3814 πρότερα
316 3725 371 3792 καὶ
393 3724 512 3815 ῥαδίως
532 3724 665 3794 ἕκαστοι
685 3724 743 3814 τὴν
764 3725 886 3792 ἑαυτῶν
907 3722 1154 3806 ἀπολείποντες,
1177 3724 1289 3811 βιαζό-

152 3853 245 3915 μενοι
266 3824 334 3895 ὑπό
357 3854 454 3896 τινων
475 3827 527 3896 so
548 3826 717 3896 πλειόνων.
761 3830 950 3914 Participia‚
973 3830 1117 3912 quamvis
1138 3851 1288 3914 praesens

153 3930 305 4022 φαίνεται
327 3935 512 4018 praecedat,
543 3935 587 4000 ad
620 3938 746 4018 tempus
779 3935 989 4018 praeteritum
1018 3930 1189 3997 referenda
1210 3953 1288 4011 4444,

153 4038 313 4104 adverbiis
335 4033 440 4103 πάλαι
470 4042 502 4102 44
530 4033 571 4101 τὰ
597 4034 740 4121 πρότερα
761 4037 929 4102 indicatur.
973 4033 1020 4099 (lf.
1040 4033 1065 4098 I.
1086 4032 1116 4111 5,
1142 4032 1191 4099 14.
1233 4033 1286 4100 IV.

154 4142 202 4222 18,
226 4143 255 4208 3.
