2952 4754
702 272 745 338 55

241 462 287 527 of.
308 460 333 527 1.
358 459 408 537 οε,
435 458 577 523 ιο-ιοι
606 409 810 538 οιζεζιει,
836 459 863 525 ι.
907 439 962 526 ni.
987 461 1034 539 ιι,
1063 462 1121 538 ιε;
1144 461 1194 541 τε,
1220 463 1237 526 ι
1262 469 1295 528 ιι

28 619 31 624 .
138 565 311 632 ‚Olnssenii
332 562 557 627 adnotationes
580 559 719 644 ejusquo'
732 562 967 645 praefationem
989 585 1061 647 pag.
1084 563 1261 628 LXXXIII.

239 666 322 731 VIII.
345 664 396 744 80,
421 665 474 728 10:
506 660 561 726 καὶ
583 657 617 726 αλ
639 659 698 744 μὲν
719 665 784 726 τῶν
805 665 1083 752 Πελοποννησίων
1105 655 1201 730 αὗται
1223 670 1295 752 νῆες

154 764 325 856 άπάρασαι
355 763 389 843 ἐς
410 763 449 829 τὸ
472 764 624 848 πέλαγος,
655 760 748 840 ὅπως
769 763 906 831 λάθοιεν
928 817 935 831 .
961 818 967 832 .
993 816 1015 847 .,
1047 769 1293 848 χειμασθεῖοαι,

128 868 238 956 ,[καὶ]
270 909 311 918 -
339 875 428 933 recte
459 867 504 932 01.
526 867 610 932 hanc
638 865 833 949 particulam
863 869 949 934 delet
976 908 1017 915 —
1045 863 1079 933 oi
1101 868 1161 951 μὲν
1183 866 1295 956 Δήλου

153 970 329 1057 λαβόμεναι
360 964 394 1034 αἱ
424 964 558 1046 πλείους
578 965 662 1050 μετὰ
684 965 851 1055 Κλεάρχου
872 968 927 1034 καὶ
958 965 1091 1054 ὕστερον
1113 969 1215 1038 πάλιν
1238 971 1292 1038 ε’λ-

153 1070 316 1140 θοῦσαι’
300 1095 334 1149 ες
348 1065 500 1158 Μίλητον
516 1067 696 1154 (Κλέαρχος
717 1069 814 1136 δε.
838 1063 974 1159 .ήρχεν)
997 1067 1031 1136 oi
1055 1071 1091 1138 δὲ
1112 1097 1196 1155 μετα
1183 1069 1294 1138 Ἑλί-

153 1181 278 1259 ξου..
302 1169 469 1240 cruat
470 1196 486 1249 ς
514 1169 571 1238 τὸν
589 1167 830 1268 Ἑλλήσποντον
863 1173 1082 1239 άιασιοθεῖσαι
1117 1173 1294 1255 Βυζάντιον

153 1274 323 1366 άφιστᾶσι.
367 1277 484 1354 Locus,
520 1277 647 1391 prout
633 1283 737 1360 pacet,
772 1277 884 1360 procul
915 1275 1012 1342 dnbio
1041 1285 1172 1361 corrupt
1174 1302 1210 1344 us
1234 1287 1292 1346 est.

153 1381 238 1459 Quid
260 1380 358 1444 Thuc.
381 1378 560 1463 scripserit,
594 1399 658 1443 non
680 1385 788 1461 potest
810 1383 897 1444 certo
864 1378 1073 1443 tdiscerni.
1117 1379 1220 1466 Magis
1242 1387 1294 1447 ta-

152 1503 225 1548 men
255 1481 363 1564 placet
384 1477 498 1545 StahIii
528 1479 711 1561 conjectura
740 1487 813 1563 post
840 1479 938 1546 verba
966 1476 1000 1557 ἐς
1025 1473 1175 1565 Μίλητον
1199 1503 1294 1548 vcca-

151 1585 228 1650 buIa
261 1577 564 1662 ἐνταῦθα”εμειναν
588 1582 822 1665 interponentis
852 1605 949 1666 quam
985 1582 1139 1647 Classcnii
1171 1585 1289 1668 opinio,

119 1681 122 1691 ’
153 1690 208 1774 qui
230 1686 336 1751 locum
358 1683 509 1748 facillimo
531 1683 639 1746 sanari
661 1682 749 1760 dicit,
778 1686 804 1748 si
827 1687 944 1750 omissa
958 1691 1032 1767 part
1018 1684 1118 1750 ticula
1139 1681 1195 1748 καί
1216 1693 1292 1754 onte

151 1785 284 1872 ὕστερον
313 1785 489 1853 scribamus
512 1783 627 1848 πάλιν
637 1772 788 1868 ήλθον
772 1807 806 1860 ες
827 1780 987 1870 Μίλητον,
1015 1787 1094 1867 quia
1114 1787 1292 1855 scribafa-

153 1892 243 1959 cilius
265 1891 329 1954 duo
351 1883 507 1952 vocabula
530 1885 637 1950 omisit
659 1899 757 1967 qnam·
778 1881 919 1971 ήλθονΙ
911 1909 944 1950 1n
966 1883 1127 1952 ἐλθοῦσαι
1148 1893 1291 1956 mutavit

235 1993 336 2056 Plane
369 1990 509 2070 deniquo
539 1988 674 2052 anacoln
676 1988 761 2053 thice
790 1988 869 2053 dicti
844 1992 974 2053 ttsun
960 1989 1057 2052 tloci
1079 1988 1135 2054 III.
1158 1989 1273 2069 sala
1280 2017 1290 2056 r

151 2091 169 2160 ὁ
200 2093 236 2160 δὲ
260 2085 546 2176 προκαλεσάμενος
575 2086 609 2165 ἐς
641 2084 756 2172 λόγους
784 2084 951 2154 Ἱππίαν.
976 2138 984 2154 .
1008 2137 1034 2170 .,
1073 2085 1158 2155 ὥστε
1189 2089 1291 2158 πάλιν

150 2193 247 2262 αὐτὸν
269 2189 486 2278 καταστήσειν
519 2187 553 2268 ἐς
579 2187 617 2254 τὸ
640 2193 746 2271 τεῖχος
767 2195 833 2256 σῶν
854 2189 909 2256 καὶ
931 2187 1017 2276 syroi,
1050 2186 1068 2256 ὁ
1090 2191 1150 2273 μὲν
1173 2189 1292 2282 ἐξῆλθε

150 2293 228 2386 παρ’
250 2292 357 2376 αὐτόν,
386 2291 403 2360 ὃ
427 2292 464 2360 δὲ
486 2289 609 2360 ἐκεῖνον
630 2291 689 2375 μὲν
712 2290 746 2359 ἐν
768 2293 895 2382 φυλακή
917 2289 1050 2380 άάέσμῳ
1072 2285 1163 2376 εἶχεν,
1193 2291 1293 2375 ου’τὸς

152 2400 188 2468 δὲ
212 2451 219 2466 .
243 2449 282 2465 ..

235 2501 289 2579 IV,
312 2501 363 2579 80,
389 2499 442 2563 16:
472 2494 528 2561 καὶ
550 2492 781 2583 προκρίναντες
807 2493 841 2573 ἐς
868 2491 1046 2576 δισχιλίους
1066 2493 1100 2562 οὶ
1121 2496 1181 2581 μὲν
1197 2497 1290 2566 ἑστε-

150 2597 345 2694 φανώσαντά
372 2623 409 2665 τε
438 2596 494 2663 καὶ
522 2597 564 2664 τὰ
592 2594 663 2686 λερὰ
685 2599 868 2684 περιῆλθον
890 2592 1224 2685 ολςήλευθερυιμένοι,
1258 2599 1288 2667 oi

151 2708 188 2776 δὲ
210 2700 248 2773 οὗ
271 2703 384 2789 πολλῷ
405 2697 539 2785 ὕστερον
559 2695 723 2788 ήφάνισάν
744 2725 780 2766 τε
801 2695 919 2778 αὐτούς
941 2750 949 2765 .
973 2749 979 2764 .
1005 2750 1012 2766 .
1035 2739 1075 2750 -

236 2807 383 2876 Secundo
413 2804 638 2871 anacoluthiac
663 2824 779 2888 genero
807 2803 853 2882 fit,
886 2810 923 2868 ut
944 2804 1116 2888 participia
1143 2826 1208 2871 uon
1229 2808 1290 2874 ha-

150 2916 226 2980 here
247 2912 418 2976 videantur
439 2929 503 2991 quo
525 2907 716 2986 referantur,
745 2927 844 2988 quum
865 2927 886 2972 a
909 2907 1116 2971 snbstantivIs
1143 2907 1192 2972 vei
1213 2932 1290 2993 pro-

149 3014 338 3087 nominibus,
371 3011 414 3076 ad
445 3028 527 3092 qnae
560 3031 656 3075 sensu
689 3009 862 3092 pertinent,
896 3029 975 3086 casn¹
1007 3007 1167 3076 differant.
1221 3011 1290 3077 Hoc

150 3125 258 3186 antem
298 3112 523 3180 anaoclnthiae
563 3131 662 3195 genus
693 3110 932 3175 constructione
965 3131 1062 3192 qnam
1100 3110 1211 3177 dicunt
1246 3115 1290 3180 ad

150 3239 277 3287 sensnm
300 3218 347 3280 ita
367 3213 480 3291 oritur,
509 3220 546 3279 nt
567 3213 731 3295 scriptoris
754 3214 852 3276 menti
875 3231 939 3277 non
961 3215 1171 3295 grammatica
1193 3235 1290 3296 quam
1313 3201 1320 3216 ’

149 3323 258 3407 posuit
279 3319 392 3395 forma,
424 3318 480 3381 sed
513 3315 578 3382 alia
608 3315 750 3400 ejusdem
780 3335 892 3380 sensns
914 3320 1080 3380 structura
1101 3313 1290 3383 obversetur

149 3431 248 3507 atque
275 3422 351 3485 huic
379 3419 552 3502 participia
574 3417 821 3484 conformentur.
872 3415 988 3504 ltaque

234 3525 260 3590 1.
282 3521 503 3588 Nominatirus
522 3520 640 3605 legitur

235 3629 269 3712 a)
291 3645 350 3708 pro
372 3623 529 3706 genitivo:

234 3728 288 3793 IV.
310 3727 362 3805 23,
388 3727 444 3790 10:
478 3722 520 3788 τὰ
542 3720 619 3807 περὶ
641 3720 753 3789 Πάλον
773 3717 832 3786 ὑπ’
854 3718 1048 3808 ἀμφοτέρων
1068 3721 1151 3788 κατὰ
1171 3722 1290 3808 κράτος

149 3830 354 3912 ἐπολεμεῖτο,
385 3824 558 3912 Ἀθηναῖοι
578 3824 638 3907 μὲν
662 3877 668 3889 .
693 3876 699 3890 .
724 3875 730 3889 .
761 3824 1025 3908 περιπλέοντες.
1050 3872 1057 3887 .
1081 3874 1088 3890 .
1110 3827 1287 3891 Πελοπονω

146 3929 254 4021 νήσιοι
275 3928 311 3996 δὲ
334 3924 675 4015 στρατοπεδευόμενοι.
718 3928 770 3993 Ita
791 3926 888 3991 Thuc.
911 3927 1049 4010 scripsit,
1078 3931 1171 4009 quasi
1193 3951 1288 4012 prac-

149 4036 293 4102 oedcrct:
308 4025 496 4116 ’ἀμφότεροι
518 4027 709 4110 ἐπολέμουν.
733 4067 773 4076 -

232 4135 284 4201 IV.
307 4135 358 4211 52,
384 4135 438 4196 10:
464 4123 503 4217 ήν
525 4126 631 4196 αὐτῶν
651 4129 779 4197 διάνοια
800 4127 859 4208 τάς
879 4153 915 4194 τε
937 4124 1038 4206 άλλας
1059 4127 1175 4208 πόλεις
1196 4129 1285 4196 ἕλευ-
