2952 4754
737 273 758 336 5

181 483 265 526 mam
287 465 385 542 atque
407 458 556 541 adjectivi
577 459 625 523 ita
639 463 793 541 sequatur
814 465 972 537 naturam,
995 465 1032 524 ut
1053 457 1141 525 verbi
1157 459 1319 544 notionem

179 563 267 629 velut
288 562 479 646 qualitatem
506 561 668 644 quandam
695 582 850 645 personae
883 561 980 627 alicui
1006 560 1056 626 vel
1077 561 1124 626 rei
1150 561 1318 627 inhaerere

180 666 350 749 significet,
380 685 507 748 semper
532 668 590 729 aut
611 685 683 729 oum
705 664 853 730 substt
781 669 853 730 ttan
853 666 903 730 ivo
929 663 979 730 vel
1001 662 1188 748 pronomine
1210 663 1318 747 aliquo

175 769 269 854 jungi
289 774 347 834 aut
333 765 458 833 ttsubs
459 767 559 832 antivi
579 767 629 832 vel
643 769 838 850 pronominis
852 768 1014 833 notionem
1029 767 1221 885 cogitatione
1243 789 1319 851 sup-

165 871 333 954 plendam
357 891 434 949 esse,
457 867 621 934 facilet
573 891 605 933 m
607 869 771 952 telligitnr.
817 871 927 953 Atque
950 871 984 935 id
1005 870 1143 953 primum
1164 871 1199 934 in
1220 871 1319 954 parti·

181 975 272 1058 cipiis
293 973 384 1038 subst
370 974 492 1037 tantive
522 971 599 1036 dict
576 977 617 1037 ιιο
638 970 742 1037 locum
763 972 863 1038 habet
884 994 944 1038 nec
964 973 1063 1038 ullam
1077 971 1212 1056 praebet
1198 973 1320 1039 tdiffi·

180 1077 282 1143 oultat
268 1083 342 1142 tem.
386 1074 450 1140 Sed
471 1095 534 1139 non
557 1073 702 1140 omnibus
723 1074 815 1153 locis,
840 1074 895 1140 ubi
918 1074 1152 1141 substantivum
1173 1076 1223 1141 vel
1243 1098 1319 1160 pro-

179 1199 295 1244 nomen
317 1178 487 1262 participio
518 1175 622 1254 deest,
656 1197 707 1243 res
729 1198 830 1260 aeque
865 1177 1053 1260 simpliciter
1079 1199 1114 1242 se
1140 1178 1248 1258 habet,
1280 1200 1320 1245 ac

179 1282 378 1366 praesertim,
402 1302 501 1363 quum
523 1279 729 1364 participium
752 1278 951 1346 substantivo
974 1279 1023 1345 vel
1045 1281 1233 1362 pronomine
1255 1303 1319 1346 non

179 1385 291 1450 addito
327 1383 475 1450 infinitivi
510 1389 693 1449 structurae
737 1383 894 1448 insertum
930 1389 988 1450 est.
1045 1382 1125 1448 Rem
1164 1384 1319 1468 exemplis

179 1487 381 1553 illustremus.

260 1616 285 1680 Ι.
309 1615 358 1695 63,
381 1615 459 1700 4*):
481 1609 571 1696 ἔδοξε
593 1607 622 1680 δ’
643 1604 699 1679 οὖν
723 1610 931 1699 ξοναγαγόντι
952 1611 1028 1692 τοὺς
1047 1609 1125 1698 μεθ’
1146 1609 1319 1680 ἑαυτοῦ...

179 1715 289 1804 δρόμῳ
303 1712 501 1801 βιάσασθαι.
539 1716 587 1780 Ex
609 1719 777 1784 enuntiato
802 1719 1006 1785 antecedenti
1026 1711 1115 1804 αὐτῷ
1137 1719 1173 1799 (i.
1188 1739 1214 1784 e.
1231 1711 1320 1802 Ἀρι-

179 1824 264 1906 στεῖ)
286 1820 499 1904 supplendum
520 1826 577 1885 est.

261 1949 443 2027 1.75‚10:
476 1941 533 2012 οὐκ
560 1943 706 2034 ἀσφαλὲς
732 1945 782 2017 ἔτι
811 1948 918 2018 ἐδόκει
950 1945 1046 2032 εἶναι,
1080 1954 1152 2030 τοῖς
1182 1951 1321 2030 πολλοῖς

178 2047 431 2140 α’σηχθημένοας
444 2101 450 2116 .
464 2101 491 2116 ..
514 2045 648 2129 ἀνέντας
668 2051 861 2121 κινδυνεύειν
883 2055 953 2140 (ubi
977 2049 1061 2143 ἡμᾶς
1081 2055 1319 2140 supplendum).

242 2157 394 2224 Similiter
414 2149 498 2237 ὑμᾶς
517 2156 732 2240 supplendum
754 2156 779 2221 1.
802 2157 852 2236 69,
878 2157 926 2224 15.

260 2286 284 2348 Ι.
308 2285 363 2362 82,
389 2285 445 2350 19:
468 2275 508 2370 ἧς
521 2280 702 2371 φείδεσθαι
722 2280 779 2371 χρὴ
803 2282 858 2350 καὶ
878 2283 922 2372 μὴ
939 2284 972 2363 ἐς
987 2281 1149 2352 ἀπόνοιαν
1159 2281 1321 2374 καταστή-
1435 2361 1441 2369 ,

179 2408 299 2464 σαντας
319 2381 436 2464 αὐτοὺς
457 2382 699 2473 α’ληπτοτέρονς
720 2383 813 2468 ἐςτιν.
870 2390 933 2474 (Ex
961 2389 1140 2456 sententiae
1162 2411 1246 2457 nexu
1277 2391 1321 2456 ad

179 2491 384 2574 participium
410 2485 675 2578 καταστήσαντας
702 2485 788 2578 ἡμᾶς
811 2491 862 2556 vel
888 2487 972 2574 ὑμᾶς
994 2492 1298 2578 supplendumest.)

262 2621 286 2684 I.
309 2621 364 2697 96,
387 2619 421 2686 5:
462 2619 637 2706 πρόσχημα
662 2609 701 2708 ἦν
723 2613 918 2702 ἀμύνασθαι
939 2610 984 2685 ὧν
1005 2617 1138 2688 ἔπαθον
1165 2621 1321 2711 δῃοῦντας

178 2719 236 2808 τὴν
265 2719 426 2805 βασιλέως
453 2718 568 2808 χώραν.
612 2723 663 2787 Ad
690 2723 896 2808 participium
923 2723 1079 2811 δῃοῦντας
1109 2726 1206 2792 iidem
1235 2727 1321 2810 cogi-

178 2826 271 2892 tandi
306 2831 395 2904 sunt,
433 2827 489 2909 qui
524 2827 621 2894 verbo
658 2821 790 2892 ἔπαθον
827 2827 1057 2910 significantur.
1107 2826 1321 2895 conferantur

181 2931 277 2994 etiam
298 2929 321 2992 I.
349 2929 419 3008 123,
443 2931 478 3007 33
504 2930 573 3008 139,
599 2931 654 3008 19;
678 2929 748 3009 143,
770 2931 822 2996 22.
865 2929 904 2994 ΙΙ.
926 2930 1029 3008 3,18;
1056 2931 1103 3008 11,
1126 2932 1182 3008 213
1211 2933 1263 3010 27,
1285 2933 1320 3008 5;

179 3030 232 3094 VI.
257 3029 306 3109 78,
332 3032 392 3107 18;,
410 3031 493 3099 VIII.
517 3032 567 3110 66,
593 3033 642 3097 17.

711 3229 781 3310 sa.

264 3364 386 3443 Quodsi
408 3362 614 3447 participium
637 3363 702 3429 sive
724 3364 913 3430 attributive
935 3365 1000 3432 sive
1015 3367 1232 3449 praedicative
1248 3391 1319 3434 oum

178 3469 375 3534 substantivo
390 3467 439 3532 vel
455 3466 642 3551 pronomine
659 3467 817 3551 jungitur,
840 3489 966 3551 genere,
991 3489 1131 3548 numero,
1156 3491 1232 3536 casu
1248 3493 1319 3537 cum

179 3572 224 3636 eis
248 3591 422 3654 congruere
438 3569 555 3636 debere
577 3569 779 3636 manifestum
796 3577 853 3636 est.
896 3572 940 3636 At
954 3571 1019 3637 sive
1033 3593 1092 3655 per
1108 3575 1319 3640 constructio-

178 3694 251 3738 nem
274 3694 370 3756 quam
392 3673 504 3738 dicunt
525 3672 568 3738 ad
590 3693 717 3738 sensum
739 3674 804 3740 sive
825 3696 884 3758 per
899 3675 1135 3742 anacoluthiam
1157 3677 1319 3759 quandam

178 3775 263 3844 haud
286 3797 360 3841 raro
382 3775 434 3854 fit,
457 3781 494 3840 ut
515 3773 707 3841 substantivi
733 3776 784 3840 vel
805 3777 1002 3860 pronominis
1025 3784 1059 3844 et
1079 3779 1242 3863 participii
1263 3801 1319 3864 ge-

178 3900 255 3957 nus,
278 3899 442 3956 numerus,
467 3899 558 3943 casus
581 3877 741 3944 differant.

247 4090 271 4159 *ι
291 4091 323 4143 In
342 4089 410 4142 locis
429 4087 549 4141 citandis
568 4086 702 4140 Classenii
727 4085 880 4139 editionem
909 4089 1021 4139 secutus
1041 4103 1109 4152 sum,
1137 4085 1177 4138 ita
1196 4086 1318 4158 quidem,

177 4181 282 4232 utnon
302 4175 501 4246 paragraphus,
522 4174 570 4228 sed
588 4175 675 4228 lineas
695 4173 817 4242 singulas
836 4174 974 4228 afferrem.
