<?xml version="1.0" encoding="UTF-8"?>
<!DOCTYPE html PUBLIC "-//W3C//DTD XHTML 1.0 Transitional//EN"
    "http://www.w3.org/TR/xhtml1/DTD/xhtml1-transitional.dtd">
<html xmlns="http://www.w3.org/1999/xhtml" xml:lang="en" lang="en">
 <head>
  <title>
</title>
<meta http-equiv="Content-Type" content="text/html;charset=utf-8" />
  <meta name='ocr-system' content='tesseract 3.04.00' />
  <meta name='ocr-capabilities' content='ocr_page ocr_carea ocr_par ocr_line ocrx_word'/>
</head>
<body>
  <div class='ocr_page' id='page_1' title='image "./departicipiorum00balkgoog_0032.png"; bbox 0 0 2952 4754; ppageno 0'>
   <div class='ocr_carea' id='block_1_1' title="bbox 755 265 797 330">
    <p class='ocr_par' dir='ltr' id='par_1_1' title="bbox 755 265 797 330">
     <span class='ocr_line' id='line_1_1' title="bbox 755 265 797 330; baseline -0.024 0"><span class='ocrx_word' id='word_1_1' title='bbox 755 265 797 330; x_wconf 87' lang='grc'>28</span> 
     </span>
    </p>
   </div>
   <div class='ocr_carea' id='block_1_2' title="bbox 206 445 1451 536">
    <p class='ocr_par' dir='ltr' id='par_1_2' title="bbox 206 445 1451 536">
     <span class='ocr_line' id='line_1_2' title="bbox 206 445 1451 536; baseline 0.003 -24"><span class='ocrx_word' id='word_1_2' title='bbox 206 445 343 529; x_wconf 80' lang='grc' dir='ltr'><em>ξυνελών</em></span> <span class='ocrx_word' id='word_1_3' title='bbox 372 449 410 534; x_wconf 89' lang='grc' dir='ltr'>(Ι.</span> <span class='ocrx_word' id='word_1_4' title='bbox 434 451 485 528; x_wconf 83' lang='grc'>70,</span> <span class='ocrx_word' id='word_1_5' title='bbox 508 450 574 532; x_wconf 89' lang='grc'>32),</span> <span class='ocrx_word' id='word_1_6' title='bbox 608 447 715 536; x_wconf 81' lang='grc' dir='ltr'><em>φέρων</em></span> <span class='ocrx_word' id='word_1_7' title='bbox 742 450 794 535; x_wconf 91' lang='lat' dir='ltr'>(V.</span> <span class='ocrx_word' id='word_1_8' title='bbox 819 450 868 529; x_wconf 83' lang='grc'>76,</span> <span class='ocrx_word' id='word_1_9' title='bbox 899 452 963 534; x_wconf 88' lang='grc'>12),</span> <span class='ocrx_word' id='word_1_10' title='bbox 997 450 1040 514; x_wconf 86' lang='lat' dir='ltr'>ad</span> <span class='ocrx_word' id='word_1_11' title='bbox 1073 471 1156 531; x_wconf 86' lang='lat' dir='ltr'>quae</span> <span class='ocrx_word' id='word_1_12' title='bbox 1187 453 1347 517; x_wconf 87' lang='lat' dir='ltr'>vertenda</span> <span class='ocrx_word' id='word_1_13' title='bbox 1450 451 1451 454; x_wconf 66' lang='grc'>’</span> 
     </span>
    </p>
   </div>
   <div class='ocr_carea' id='block_1_3' title="bbox 205 541 1069 636">
    <p class='ocr_par' dir='ltr' id='par_1_3' title="bbox 205 541 1069 636">
     <span class='ocr_line' id='line_1_3' title="bbox 205 541 1069 636; baseline 0.005 -22"><span class='ocrx_word' id='word_1_14' title='bbox 205 573 263 616; x_wconf 90' lang='lat' dir='ltr'>nos</span> <span class='ocrx_word' id='word_1_15' title='bbox 285 552 446 618; x_wconf 77' lang='lat' dir='ltr'>adverbiis</span> <span class='ocrx_word' id='word_1_16' title='bbox 467 554 517 618; x_wconf 88' lang='lat' dir='ltr'>vel</span> <span class='ocrx_word' id='word_1_17' title='bbox 539 554 830 636; x_wconf 87' lang='lat' dir='ltr'>praepositionibus</span> <span class='ocrx_word' id='word_1_18' title='bbox 853 556 901 618; x_wconf 89' lang='lat' dir='ltr'>uti</span> <span class='ocrx_word' id='word_1_19' title='bbox 923 541 1069 620; x_wconf 82' lang='lat' dir='ltr'>solemus.</span> 
     </span>
    </p>
   </div>
   <div class='ocr_carea' id='block_1_4' title="bbox 290 649 1451 741">
    <p class='ocr_par' dir='ltr' id='par_1_4' title="bbox 290 649 1451 741">
     <span class='ocr_line' id='line_1_4' title="bbox 290 649 1451 741; baseline 0.005 -22"><span class='ocrx_word' id='word_1_20' title='bbox 290 655 324 738; x_wconf 84' lang='lat'>6)</span> <span class='ocrx_word' id='word_1_21' title='bbox 360 654 462 739; x_wconf 85' lang='lat' dir='ltr'>Saepe</span> <span class='ocrx_word' id='word_1_22' title='bbox 491 656 666 739; x_wconf 84' lang='lat' dir='ltr'>partieipia</span> <span class='ocrx_word' id='word_1_23' title='bbox 693 649 903 721; x_wconf 51' lang='lat' dir='ltr'>relativorum¹</span> <span class='ocrx_word' id='word_1_24' title='bbox 930 659 1169 723; x_wconf 91' lang='lat' dir='ltr'>enuntiatorum</span> <span class='ocrx_word' id='word_1_25' title='bbox 1192 657 1262 722; x_wconf 91' lang='lat' dir='ltr'>loco</span> <span class='ocrx_word' id='word_1_26' title='bbox 1284 680 1343 741; x_wconf 92' lang='lat' dir='ltr'>po·</span> <span class='ocrx_word' id='word_1_27' title='bbox 1450 683 1451 738; x_wconf 54' lang='lat'>3</span> 
     </span>
    </p>
   </div>
   <div class='ocr_carea' id='block_1_5' title="bbox 204 759 1451 947">
    <p class='ocr_par' dir='ltr' id='par_1_5' title="bbox 204 759 1451 947">
     <span class='ocr_line' id='line_1_5' title="bbox 204 759 1451 850; baseline -0.002 -31"><span class='ocrx_word' id='word_1_28' title='bbox 204 762 327 820; x_wconf 89' lang='lat' dir='ltr'>nuntur</span> <span class='ocrx_word' id='word_1_29' title='bbox 348 778 387 822; x_wconf 86' lang='grc' dir='ltr'>οο</span> <span class='ocrx_word' id='word_1_30' title='bbox 408 764 478 822; x_wconf 91' lang='lat' dir='ltr'>tum</span> <span class='ocrx_word' id='word_1_31' title='bbox 499 764 576 842; x_wconf 92' lang='lat' dir='ltr'>apte</span> <span class='ocrx_word' id='word_1_32' title='bbox 598 759 780 842; x_wconf 78' lang='lat' dir='ltr'><strong>appositiva</strong></span> <span class='ocrx_word' id='word_1_33' title='bbox 801 765 967 825; x_wconf 89' lang='lat' dir='ltr'>vocantur.</span> <span class='ocrx_word' id='word_1_34' title='bbox 1450 841 1451 850; x_wconf 8' lang='grc' dir='ltr'>ἵ</span> 
     </span>
     <span class='ocr_line' id='line_1_6' title="bbox 288 856 1451 947; baseline -0.001 -25"><span class='ocrx_word' id='word_1_35' title='bbox 288 857 313 922; x_wconf 92' lang='grc' dir='ltr'>Ι.</span> <span class='ocrx_word' id='word_1_36' title='bbox 332 860 381 936; x_wconf 86' lang='grc'>13,</span> <span class='ocrx_word' id='word_1_37' title='bbox 403 861 461 924; x_wconf 79' lang='lat'>28:</span> <span class='ocrx_word' id='word_1_38' title='bbox 483 856 705 947; x_wconf 79' lang='grc' dir='ltr'>Πολυκράτης,</span> <span class='ocrx_word' id='word_1_39' title='bbox 724 857 835 943; x_wconf 82' lang='grc' dir='ltr'><em>Σάμου</em></span> <span class='ocrx_word' id='word_1_40' title='bbox 850 864 1010 944; x_wconf 80' lang='grc' dir='ltr'><em>τυραννῶν</em></span> <span class='ocrx_word' id='word_1_41' title='bbox 1025 856 1288 946; x_wconf 25' lang='grc' dir='ltr'>ἐσίιΚαμβίσσυ.</span> <span class='ocrx_word' id='word_1_42' title='bbox 1302 898 1342 908; x_wconf 87' lang='grc'><strong>-</strong></span> <span class='ocrx_word' id='word_1_43' title='bbox 1450 863 1451 906; x_wconf 76' lang='lat'>3</span> 
     </span>
    </p>
   </div>
   <div class='ocr_carea' id='block_1_6' title="bbox 204 954 1451 1050">
    <p class='ocr_par' dir='ltr' id='par_1_6' title="bbox 204 954 1451 1050">
     <span class='ocr_line' id='line_1_7' title="bbox 204 954 1451 1050; baseline 0.002 -27"><span class='ocrx_word' id='word_1_44' title='bbox 204 959 255 1038; x_wconf 87' lang='grc'>26,</span> <span class='ocrx_word' id='word_1_45' title='bbox 278 960 314 1024; x_wconf 76' lang='lat'>5:</span> <span class='ocrx_word' id='word_1_46' title='bbox 337 957 370 1038; x_wconf 77' lang='grc' dir='ltr'>ἐς</span> <span class='ocrx_word' id='word_1_47' title='bbox 386 954 620 1042; x_wconf 74' lang='grc' dir='ltr'>Ἀπολλωνίαν,</span> <span class='ocrx_word' id='word_1_48' title='bbox 644 958 834 1050; x_wconf 74' lang='grc' dir='ltr'><em>Κορινθίων</em></span> <span class='ocrx_word' id='word_1_49' title='bbox 855 954 956 1028; x_wconf 81' lang='grc' dir='ltr'><em>οὖσαν</em></span> <span class='ocrx_word' id='word_1_50' title='bbox 977 957 1146 1029; x_wconf 72' lang='grc' dir='ltr'><em>α’ποικίαν.</em></span> <span class='ocrx_word' id='word_1_51' title='bbox 1178 963 1218 1028; x_wconf 88' lang='grc' dir='ltr'>Π.</span> <span class='ocrx_word' id='word_1_52' title='bbox 1235 964 1264 1041; x_wconf 90' lang='grc'>8,</span> <span class='ocrx_word' id='word_1_53' title='bbox 1289 965 1344 1029; x_wconf 86' lang='lat'>10:</span> <span class='ocrx_word' id='word_1_54' title='bbox 1450 1017 1451 1026; x_wconf 70' lang='grc'>,</span> 
     </span>
    </p>
   </div>
   <div class='ocr_carea' id='block_1_7' title="bbox 204 1059 1340 1152">
    <p class='ocr_par' dir='ltr' id='par_1_7' title="bbox 204 1047 1451 1158">
     <span class='ocr_line' id='line_1_8' title="bbox 204 1059 1340 1152; baseline 0.006 -29"><span class='ocrx_word' id='word_1_55' title='bbox 204 1061 324 1147; x_wconf 83' lang='grc' dir='ltr'>Δῆλος,</span> <span class='ocrx_word' id='word_1_56' title='bbox 349 1112 387 1130; x_wconf 88' lang='grc'>..</span> <span class='ocrx_word' id='word_1_57' title='bbox 417 1060 576 1152; x_wconf 77' lang='grc' dir='ltr'><em>πρότερον</em></span> <span class='ocrx_word' id='word_1_58' title='bbox 606 1059 701 1130; x_wconf 73' lang='grc' dir='ltr'><em>οἷίσω</em></span> <span class='ocrx_word' id='word_1_59' title='bbox 723 1068 898 1131; x_wconf 73' lang='grc' dir='ltr'><strong><em>σεισθεῖσα</em></strong></span> <span class='ocrx_word' id='word_1_60' title='bbox 928 1105 961 1116; x_wconf 90' lang='lat'>-</span> <span class='ocrx_word' id='word_1_61' title='bbox 992 1073 1025 1132; x_wconf 90' lang='lat' dir='ltr'>et</span> <span class='ocrx_word' id='word_1_62' title='bbox 1046 1066 1125 1132; x_wconf 90' lang='lat' dir='ltr'>alibi</span> <span class='ocrx_word' id='word_1_63' title='bbox 1146 1066 1340 1150; x_wconf 86' lang='lat' dir='ltr'>saepissime.</span> 
     </span>
    </p>
   </div>
   <div class='ocr_carea' id='block_1_8' title="bbox 724 1343 817 1424">
    <p class='ocr_par' dir='ltr' id='par_1_8' title="bbox 724 1343 817 1424">
     <span class='ocr_line' id='line_1_9' title="bbox 724 1343 817 1424; baseline 0.022 -18"><span class='ocrx_word' id='word_1_64' title='bbox 724 1347 744 1424; x_wconf 67' lang='lat' dir='ltr'>s</span> <span class='ocrx_word' id='word_1_65' title='bbox 768 1343 817 1408; x_wconf 84' lang='lat'>15.</span> 
     </span>
    </p>
   </div>
   <div class='ocr_carea' id='block_1_9' title="bbox 365 1473 1184 1570">
    <p class='ocr_par' dir='ltr' id='par_1_9' title="bbox 365 1473 1184 1570">
     <span class='ocr_line' id='line_1_10' title="bbox 365 1473 1184 1570; baseline 0.006 -25"><span class='ocrx_word' id='word_1_66' title='bbox 365 1486 410 1546; x_wconf 84' lang='lat' dir='ltr'>Do</span> <span class='ocrx_word' id='word_1_67' title='bbox 431 1485 593 1563; x_wconf 82' lang='lat' dir='ltr'>particule</span> <span class='ocrx_word' id='word_1_68' title='bbox 616 1473 661 1558; x_wconf 79' lang='grc' dir='ltr'>ὡς</span> <span class='ocrx_word' id='word_1_69' title='bbox 682 1502 751 1546; x_wconf 88' lang='lat' dir='ltr'>oum</span> <span class='ocrx_word' id='word_1_70' title='bbox 773 1483 946 1562; x_wconf 81' lang='lat' dir='ltr'>participio</span> <span class='ocrx_word' id='word_1_71' title='bbox 968 1484 1184 1570; x_wconf 73' lang='lat' dir='ltr'>conjuncte*).</span> 
     </span>
    </p>
   </div>
   <div class='ocr_carea' id='block_1_10' title="bbox 202 1617 1451 2234">
    <p class='ocr_par' dir='ltr' id='par_1_10' title="bbox 202 1617 1451 2234">
     <span class='ocr_line' id='line_1_11' title="bbox 289 1617 1451 1722; baseline 0.005 -22"><span class='ocrx_word' id='word_1_72' title='bbox 289 1637 455 1702; x_wconf 88' lang='lat' dir='ltr'>Particula</span> <span class='ocrx_word' id='word_1_73' title='bbox 482 1631 527 1712; x_wconf 80' lang='grc' dir='ltr'>ὥς</span> <span class='ocrx_word' id='word_1_74' title='bbox 555 1638 751 1722; x_wconf 58' lang='lat' dir='ltr'>mirumgest</span> <span class='ocrx_word' id='word_1_75' title='bbox 781 1657 878 1718; x_wconf 90' lang='lat' dir='ltr'>quam</span> <span class='ocrx_word' id='word_1_76' title='bbox 899 1639 988 1703; x_wconf 89' lang='lat' dir='ltr'>vario</span> <span class='ocrx_word' id='word_1_77' title='bbox 1010 1639 1105 1703; x_wconf 89' lang='lat' dir='ltr'>modo</span> <span class='ocrx_word' id='word_1_78' title='bbox 1127 1639 1289 1704; x_wconf 78' lang='lat' dir='ltr'>subtiliter</span> <span class='ocrx_word' id='word_1_79' title='bbox 1311 1647 1344 1706; x_wconf 90' lang='lat' dir='ltr'>et</span> <span class='ocrx_word' id='word_1_80' title='bbox 1450 1617 1451 1642; x_wconf 33' lang='lat' dir='ltr'>i</span> 
     </span>
     <span class='ocr_line' id='line_1_12' title="bbox 204 1740 1344 1826; baseline 0.003 -21"><span class='ocrx_word' id='word_1_81' title='bbox 204 1741 369 1823; x_wconf 79' lang='lat' dir='ltr'>eleganter</span> <span class='ocrx_word' id='word_1_82' title='bbox 390 1740 555 1823; x_wconf 89' lang='lat' dir='ltr'>participii</span> <span class='ocrx_word' id='word_1_83' title='bbox 578 1741 736 1804; x_wconf 89' lang='lat' dir='ltr'>rationem</span> <span class='ocrx_word' id='word_1_84' title='bbox 759 1745 863 1805; x_wconf 89' lang='lat' dir='ltr'>mutet</span> <span class='ocrx_word' id='word_1_85' title='bbox 890 1761 929 1806; x_wconf 91' lang='lat' dir='ltr'>ac</span> <span class='ocrx_word' id='word_1_86' title='bbox 952 1740 1093 1804; x_wconf 85' lang='lat' dir='ltr'>definiet.</span> <span class='ocrx_word' id='word_1_87' title='bbox 1149 1741 1247 1826; x_wconf 82' lang='lat' dir='ltr'>Cujus</span> <span class='ocrx_word' id='word_1_88' title='bbox 1271 1744 1344 1825; x_wconf 92' lang='lat' dir='ltr'>qui-</span> 
     </span>
     <span class='ocr_line' id='line_1_13' title="bbox 203 1841 1343 1925; baseline 0.004 -19"><span class='ocrx_word' id='word_1_89' title='bbox 203 1843 277 1907; x_wconf 88' lang='lat' dir='ltr'>dem</span> <span class='ocrx_word' id='word_1_90' title='bbox 299 1841 486 1924; x_wconf 81' lang='lat' dir='ltr'>particulae,</span> <span class='ocrx_word' id='word_1_91' title='bbox 519 1862 602 1924; x_wconf 87' lang='lat' dir='ltr'>quae</span> <span class='ocrx_word' id='word_1_92' title='bbox 624 1843 760 1923; x_wconf 88' lang='lat' dir='ltr'>antiqua</span> <span class='ocrx_word' id='word_1_93' title='bbox 783 1842 943 1925; x_wconf 86' lang='lat' dir='ltr'>quaedam</span> <span class='ocrx_word' id='word_1_94' title='bbox 964 1844 1091 1908; x_wconf 91' lang='lat' dir='ltr'>videtur</span> <span class='ocrx_word' id='word_1_95' title='bbox 1118 1865 1188 1909; x_wconf 87' lang='lat' dir='ltr'>esse</span> <span class='ocrx_word' id='word_1_96' title='bbox 1210 1844 1343 1910; x_wconf 88' lang='lat' dir='ltr'>ablativi</span> 
     </span>
     <span class='ocr_line' id='line_1_14' title="bbox 203 1935 1341 2026; baseline 0 -17"><span class='ocrx_word' id='word_1_97' title='bbox 203 1943 315 2021; x_wconf 87' lang='lat' dir='ltr'>forma,</span> <span class='ocrx_word' id='word_1_98' title='bbox 344 1943 457 2008; x_wconf 86' lang='lat' dir='ltr'>eodem</span> <span class='ocrx_word' id='word_1_99' title='bbox 486 1945 581 2008; x_wconf 89' lang='lat' dir='ltr'>modo</span> <span class='ocrx_word' id='word_1_100' title='bbox 611 1965 675 2026; x_wconf 94' lang='lat' dir='ltr'>quo</span> <span class='ocrx_word' id='word_1_101' title='bbox 704 1936 810 2021; x_wconf 62' lang='grc' dir='ltr'><em>οὕτως</em></span> <span class='ocrx_word' id='word_1_102' title='bbox 840 1944 881 2010; x_wconf 84' lang='lat' dir='ltr'>ab</span> <span class='ocrx_word' id='word_1_103' title='bbox 904 1940 1009 2024; x_wconf 77' lang='grc' dir='ltr'>αὐτός,</span> <span class='ocrx_word' id='word_1_104' title='bbox 1041 1941 1144 2023; x_wconf 74' lang='grc' dir='ltr'><em>οὕτως</em></span> <span class='ocrx_word' id='word_1_105' title='bbox 1172 1947 1214 2012; x_wconf 86' lang='lat' dir='ltr'>ab</span> <span class='ocrx_word' id='word_1_106' title='bbox 1237 1935 1341 2026; x_wconf 77' lang='grc' dir='ltr'><em>οὗτος,</em></span> 
     </span>
     <span class='ocr_line' id='line_1_15' title="bbox 203 2041 1342 2128; baseline 0.003 -16"><span class='ocrx_word' id='word_1_107' title='bbox 203 2041 332 2124; x_wconf 79' lang='grc' dir='ltr'><em>ἐκείνως</em></span> <span class='ocrx_word' id='word_1_108' title='bbox 354 2046 396 2112; x_wconf 90' lang='lat' dir='ltr'>ab</span> <span class='ocrx_word' id='word_1_109' title='bbox 417 2041 547 2124; x_wconf 78' lang='grc' dir='ltr'><em>ἐκεῖνος,</em></span> <span class='ocrx_word' id='word_1_110' title='bbox 571 2067 591 2110; x_wconf 90' lang='grc' dir='ltr'><em>ο</em></span> <span class='ocrx_word' id='word_1_111' title='bbox 612 2048 800 2128; x_wconf 86' lang='lat' dir='ltr'>pronomine</span> <span class='ocrx_word' id='word_1_112' title='bbox 815 2047 948 2113; x_wconf 88' lang='lat' dir='ltr'>relativo</span> <span class='ocrx_word' id='word_1_113' title='bbox 971 2043 1007 2125; x_wconf 82' lang='grc' dir='ltr'>ὅς</span> <span class='ocrx_word' id='word_1_114' title='bbox 1024 2049 1177 2126; x_wconf 87' lang='lat' dir='ltr'>derivata,</span> <span class='ocrx_word' id='word_1_115' title='bbox 1202 2051 1342 2115; x_wconf 83' lang='lat' dir='ltr'>nativam</span> 
     </span>
     <span class='ocr_line' id='line_1_16' title="bbox 202 2147 1342 2234; baseline 0.001 -18"><span class='ocrx_word' id='word_1_116' title='bbox 202 2157 301 2233; x_wconf 89' lang='lat' dir='ltr'>atque</span> <span class='ocrx_word' id='word_1_117' title='bbox 322 2149 508 2233; x_wconf 88' lang='lat' dir='ltr'>primariam</span> <span class='ocrx_word' id='word_1_118' title='bbox 530 2147 795 2231; x_wconf 85' lang='lat' dir='ltr'>significationem</span> <span class='ocrx_word' id='word_1_119' title='bbox 819 2169 887 2214; x_wconf 85' lang='lat' dir='ltr'>esse</span> <span class='ocrx_word' id='word_1_120' title='bbox 910 2152 1159 2233; x_wconf 83' lang='lat' dir='ltr'>comparativam</span> <span class='ocrx_word' id='word_1_121' title='bbox 1181 2172 1342 2234; x_wconf 81' lang='lat' dir='ltr'>gramma-</span> 
     </span>
    </p>
   </div>
   <div class='ocr_carea' id='block_1_11' title="bbox 202 2249 1451 2336">
    <p class='ocr_par' dir='ltr' id='par_1_11' title="bbox 202 2249 1451 2336">
     <span class='ocr_line' id='line_1_17' title="bbox 202 2249 1451 2336; baseline 0 -18"><span class='ocrx_word' id='word_1_122' title='bbox 202 2254 258 2318; x_wconf 91' lang='lat' dir='ltr'>tici</span> <span class='ocrx_word' id='word_1_123' title='bbox 283 2252 408 2329; x_wconf 90' lang='lat' dir='ltr'>docent,</span> <span class='ocrx_word' id='word_1_124' title='bbox 439 2250 487 2314; x_wconf 87' lang='lat' dir='ltr'>ita</span> <span class='ocrx_word' id='word_1_125' title='bbox 503 2255 546 2314; x_wconf 89' lang='lat' dir='ltr'>ut</span> <span class='ocrx_word' id='word_1_126' title='bbox 567 2249 676 2316; x_wconf 91' lang='lat' dir='ltr'>latinis</span> <span class='ocrx_word' id='word_1_127' title='bbox 698 2250 861 2316; x_wconf 86' lang='lat' dir='ltr'>vocabulis</span> <span class='ocrx_word' id='word_1_128' title='bbox 884 2254 1087 2336; x_wconf 88' lang='lat' dir='ltr'>„quomodo“</span> <span class='ocrx_word' id='word_1_129' title='bbox 1117 2253 1167 2319; x_wconf 87' lang='lat' dir='ltr'>vel</span> <span class='ocrx_word' id='word_1_130' title='bbox 1190 2260 1269 2332; x_wconf 88' lang='lat' dir='ltr'>„ut“</span> <span class='ocrx_word' id='word_1_131' title='bbox 1291 2276 1340 2318; x_wconf 88' lang='lat' dir='ltr'>re·</span> <span class='ocrx_word' id='word_1_132' title='bbox 1450 2279 1451 2284; x_wconf 44' lang='lat'>¹</span> 
     </span>
    </p>
   </div>
   <div class='ocr_carea' id='block_1_12' title="bbox 160 2354 1340 2541">
    <p class='ocr_par' dir='ltr' id='par_1_12' title="bbox 160 2354 1340 2541">
     <span class='ocr_line' id='line_1_18' title="bbox 202 2354 1340 2440; baseline 0 -20"><span class='ocrx_word' id='word_1_133' title='bbox 202 2355 368 2438; x_wconf 85' lang='lat' dir='ltr'>spondeat,</span> <span class='ocrx_word' id='word_1_134' title='bbox 392 2359 491 2436; x_wconf 87' lang='lat' dir='ltr'>atque</span> <span class='ocrx_word' id='word_1_135' title='bbox 506 2354 590 2420; x_wconf 90' lang='lat' dir='ltr'>hano</span> <span class='ocrx_word' id='word_1_136' title='bbox 605 2354 853 2436; x_wconf 85' lang='lat' dir='ltr'>comparationis</span> <span class='ocrx_word' id='word_1_137' title='bbox 869 2357 931 2420; x_wconf 93' lang='lat' dir='ltr'>vim</span> <span class='ocrx_word' id='word_1_138' title='bbox 945 2357 978 2419; x_wconf 91' lang='lat' dir='ltr'>in</span> <span class='ocrx_word' id='word_1_139' title='bbox 993 2356 1054 2421; x_wconf 91' lang='lat' dir='ltr'>hac</span> <span class='ocrx_word' id='word_1_140' title='bbox 1069 2356 1230 2440; x_wconf 90' lang='lat' dir='ltr'>particula</span> <span class='ocrx_word' id='word_1_141' title='bbox 1244 2357 1340 2422; x_wconf 91' lang='lat' dir='ltr'>etiam</span> 
     </span>
     <span class='ocr_line' id='line_1_19' title="bbox 160 2451 1338 2541; baseline 0.003 -19"><span class='ocrx_word' id='word_1_142' title='bbox 160 2485 171 2512; x_wconf 69' lang='grc' dir='ltr'><em>ι</em></span> <span class='ocrx_word' id='word_1_143' title='bbox 203 2478 275 2522; x_wconf 88' lang='lat' dir='ltr'>eum</span> <span class='ocrx_word' id='word_1_144' title='bbox 307 2457 479 2540; x_wconf 87' lang='lat' dir='ltr'>participio</span> <span class='ocrx_word' id='word_1_145' title='bbox 513 2457 684 2538; x_wconf 87' lang='lat' dir='ltr'>conjuncta</span> <span class='ocrx_word' id='word_1_146' title='bbox 715 2457 819 2522; x_wconf 89' lang='lat' dir='ltr'>inesse</span> <span class='ocrx_word' id='word_1_147' title='bbox 851 2461 950 2541; x_wconf 87' lang='lat' dir='ltr'>atque</span> <span class='ocrx_word' id='word_1_148' title='bbox 982 2459 1059 2523; x_wconf 88' lang='lat' dir='ltr'>inde</span> <span class='ocrx_word' id='word_1_149' title='bbox 1092 2451 1338 2540; x_wconf 84' lang='lat' dir='ltr'>significationes</span> 
     </span>
    </p>
   </div>
   <div class='ocr_carea' id='block_1_13' title="bbox 202 2558 1451 2646">
    <p class='ocr_par' dir='ltr' id='par_1_13' title="bbox 202 2558 1451 2646">
     <span class='ocr_line' id='line_1_20' title="bbox 202 2558 1451 2646; baseline 0.002 -22"><span class='ocrx_word' id='word_1_150' title='bbox 202 2581 267 2636; x_wconf 90' lang='lat' dir='ltr'>eas,</span> <span class='ocrx_word' id='word_1_151' title='bbox 290 2580 374 2641; x_wconf 91' lang='lat' dir='ltr'>quae</span> <span class='ocrx_word' id='word_1_152' title='bbox 396 2559 586 2642; x_wconf 89' lang='lat' dir='ltr'>plerumque</span> <span class='ocrx_word' id='word_1_153' title='bbox 607 2558 683 2623; x_wconf 92' lang='lat' dir='ltr'>huie</span> <span class='ocrx_word' id='word_1_154' title='bbox 703 2558 882 2642; x_wconf 81' lang='lat' dir='ltr'>particulae</span> <span class='ocrx_word' id='word_1_155' title='bbox 897 2560 1094 2638; x_wconf 89' lang='lat' dir='ltr'>tribuuntur,</span> <span class='ocrx_word' id='word_1_156' title='bbox 1117 2561 1203 2638; x_wconf 90' lang='lat' dir='ltr'>oriri,</span> <span class='ocrx_word' id='word_1_157' title='bbox 1226 2561 1339 2646; x_wconf 88' lang='lat' dir='ltr'>pleris-</span> <span class='ocrx_word' id='word_1_158' title='bbox 1450 2573 1451 2642; x_wconf 66' lang='lat' dir='ltr'>l</span> 
     </span>
    </p>
   </div>
   <div class='ocr_carea' id='block_1_14' title="bbox 196 2660 1341 3767">
    <p class='ocr_par' dir='ltr' id='par_1_14' title="bbox 203 2660 892 2744">
     <span class='ocr_line' id='line_1_21' title="bbox 203 2660 892 2744; baseline -0.003 -18"><span class='ocrx_word' id='word_1_159' title='bbox 203 2683 266 2744; x_wconf 90' lang='lat' dir='ltr'>que</span> <span class='ocrx_word' id='word_1_160' title='bbox 287 2661 366 2726; x_wconf 91' lang='lat' dir='ltr'>locis</span> <span class='ocrx_word' id='word_1_161' title='bbox 388 2661 482 2727; x_wconf 82' lang='lat' dir='ltr'>facile</span> <span class='ocrx_word' id='word_1_162' title='bbox 504 2667 553 2727; x_wconf 89' lang='lat' dir='ltr'>est</span> <span class='ocrx_word' id='word_1_163' title='bbox 575 2662 617 2727; x_wconf 89' lang='lat' dir='ltr'>ad</span> <span class='ocrx_word' id='word_1_164' title='bbox 639 2660 892 2744; x_wconf 83' lang='lat' dir='ltr'>intelligendum.</span> 
     </span>
    </p>

    <p class='ocr_par' dir='ltr' id='par_1_15' title="bbox 196 2762 1341 3767">
     <span class='ocr_line' id='line_1_22' title="bbox 282 2762 1340 2848; baseline 0.004 -21"><span class='ocrx_word' id='word_1_165' title='bbox 282 2763 329 2828; x_wconf 85' lang='lat' dir='ltr'>Ac</span> <span class='ocrx_word' id='word_1_166' title='bbox 339 2764 476 2847; x_wconf 86' lang='lat' dir='ltr'>primam</span> <span class='ocrx_word' id='word_1_167' title='bbox 486 2764 617 2846; x_wconf 87' lang='lat' dir='ltr'>quidem</span> <span class='ocrx_word' id='word_1_168' title='bbox 628 2763 724 2848; x_wconf 89' lang='lat' dir='ltr'>hujus</span> <span class='ocrx_word' id='word_1_169' title='bbox 735 2762 914 2847; x_wconf 87' lang='lat' dir='ltr'>particulae</span> <span class='ocrx_word' id='word_1_170' title='bbox 925 2785 997 2829; x_wconf 92' lang='lat' dir='ltr'>cum</span> <span class='ocrx_word' id='word_1_171' title='bbox 1008 2764 1178 2847; x_wconf 88' lang='lat' dir='ltr'>participio</span> <span class='ocrx_word' id='word_1_172' title='bbox 1191 2765 1340 2847; x_wconf 86' lang='lat' dir='ltr'>conjunc-</span> 
     </span>
     <span class='ocr_line' id='line_1_23' title="bbox 201 2864 1341 2949; baseline 0.001 -18"><span class='ocrx_word' id='word_1_173' title='bbox 201 2872 255 2931; x_wconf 86' lang='lat' dir='ltr'>tae</span> <span class='ocrx_word' id='word_1_174' title='bbox 278 2865 543 2949; x_wconf 84' lang='lat' dir='ltr'>significationem</span> <span class='ocrx_word' id='word_1_175' title='bbox 563 2866 647 2930; x_wconf 89' lang='lat' dir='ltr'>hanc</span> <span class='ocrx_word' id='word_1_176' title='bbox 669 2887 738 2931; x_wconf 87' lang='lat' dir='ltr'>esse</span> <span class='ocrx_word' id='word_1_177' title='bbox 760 2866 904 2930; x_wconf 90' lang='lat' dir='ltr'>homines</span> <span class='ocrx_word' id='word_1_178' title='bbox 927 2864 1014 2929; x_wconf 83' lang='lat' dir='ltr'>docti</span> <span class='ocrx_word' id='word_1_179' title='bbox 1034 2870 1191 2944; x_wconf 87' lang='lat' dir='ltr'>statuunt,</span> <span class='ocrx_word' id='word_1_180' title='bbox 1214 2874 1252 2931; x_wconf 88' lang='lat' dir='ltr'>ut</span> <span class='ocrx_word' id='word_1_181' title='bbox 1266 2867 1341 2933; x_wconf 92' lang='lat' dir='ltr'>sub-</span> 
     </span>
     <span class='ocr_line' id='line_1_24' title="bbox 196 2966 1340 3052; baseline 0.002 -19"><span class='ocrx_word' id='word_1_182' title='bbox 196 2969 348 3052; x_wconf 86' lang='lat' dir='ltr'>jectivam</span> <span class='ocrx_word' id='word_1_183' title='bbox 370 2989 466 3050; x_wconf 85' lang='lat' dir='ltr'>quam</span> <span class='ocrx_word' id='word_1_184' title='bbox 494 2969 607 3034; x_wconf 88' lang='lat' dir='ltr'>dicunt</span> <span class='ocrx_word' id='word_1_185' title='bbox 629 2989 758 3034; x_wconf 84' lang='lat' dir='ltr'>causam</span> <span class='ocrx_word' id='word_1_186' title='bbox 788 2968 957 3051; x_wconf 86' lang='lat' dir='ltr'>exprimat.</span> <span class='ocrx_word' id='word_1_187' title='bbox 1009 2966 1093 3032; x_wconf 90' lang='lat' dir='ltr'>Num</span> <span class='ocrx_word' id='word_1_188' title='bbox 1121 2967 1203 3034; x_wconf 85' lang='lat' dir='ltr'>hoec</span> <span class='ocrx_word' id='word_1_189' title='bbox 1233 2990 1340 3046; x_wconf 88' lang='lat' dir='ltr'>causa,</span> 
     </span>
     <span class='ocr_line' id='line_1_25' title="bbox 201 3070 1341 3154; baseline 0.002 -19"><span class='ocrx_word' id='word_1_190' title='bbox 201 3091 267 3152; x_wconf 85' lang='lat' dir='ltr'>qua</span> <span class='ocrx_word' id='word_1_191' title='bbox 288 3070 466 3154; x_wconf 91' lang='lat' dir='ltr'>subjectum</span> <span class='ocrx_word' id='word_1_192' title='bbox 488 3072 531 3138; x_wconf 88' lang='lat' dir='ltr'>ad</span> <span class='ocrx_word' id='word_1_193' title='bbox 553 3072 713 3154; x_wconf 81' lang='lat' dir='ltr'>agendum</span> <span class='ocrx_word' id='word_1_194' title='bbox 735 3077 889 3148; x_wconf 90' lang='lat' dir='ltr'>movetur,</span> <span class='ocrx_word' id='word_1_195' title='bbox 912 3090 947 3133; x_wconf 90' lang='lat' dir='ltr'>re</span> <span class='ocrx_word' id='word_1_196' title='bbox 971 3090 1045 3134; x_wconf 89' lang='lat' dir='ltr'>vera</span> <span class='ocrx_word' id='word_1_197' title='bbox 1064 3070 1159 3147; x_wconf 87' lang='lat' dir='ltr'>adsit,</span> <span class='ocrx_word' id='word_1_198' title='bbox 1182 3071 1341 3152; x_wconf 87' lang='lat' dir='ltr'>particula</span> 
     </span>
     <span class='ocr_line' id='line_1_26' title="bbox 202 3166 1341 3252; baseline 0.004 -18"><span class='ocrx_word' id='word_1_199' title='bbox 202 3166 246 3248; x_wconf 78' lang='grc' dir='ltr'>ὡς</span> <span class='ocrx_word' id='word_1_200' title='bbox 267 3173 355 3238; x_wconf 91' lang='lat' dir='ltr'>nullo</span> <span class='ocrx_word' id='word_1_201' title='bbox 377 3175 472 3239; x_wconf 90' lang='lat' dir='ltr'>modo</span> <span class='ocrx_word' id='word_1_202' title='bbox 495 3174 688 3252; x_wconf 83' lang='lat' dir='ltr'>declaratur,</span> <span class='ocrx_word' id='word_1_203' title='bbox 720 3175 814 3238; x_wconf 90' lang='lat' dir='ltr'>immo</span> <span class='ocrx_word' id='word_1_204' title='bbox 845 3193 918 3237; x_wconf 90' lang='lat' dir='ltr'>vero</span> <span class='ocrx_word' id='word_1_205' title='bbox 947 3194 987 3237; x_wconf 87' lang='lat' dir='ltr'>ex</span> <span class='ocrx_word' id='word_1_206' title='bbox 1015 3177 1084 3237; x_wconf 91' lang='lat' dir='ltr'>toto</span> <span class='ocrx_word' id='word_1_207' title='bbox 1106 3171 1169 3237; x_wconf 89' lang='lat' dir='ltr'>loci</span> <span class='ocrx_word' id='word_1_208' title='bbox 1190 3193 1286 3238; x_wconf 86' lang='lat' dir='ltr'>sensu</span> <span class='ocrx_word' id='word_1_209' title='bbox 1309 3181 1341 3238; x_wconf 89' lang='lat' dir='ltr'>et</span> 
     </span>
     <span class='ocr_line' id='line_1_27' title="bbox 201 3275 1340 3358; baseline 0.002 -19"><span class='ocrx_word' id='word_1_210' title='bbox 201 3279 355 3340; x_wconf 88' lang='lat' dir='ltr'>contextu</span> <span class='ocrx_word' id='word_1_211' title='bbox 379 3276 591 3358; x_wconf 88' lang='lat' dir='ltr'>judicandum</span> <span class='ocrx_word' id='word_1_212' title='bbox 623 3282 681 3352; x_wconf 88' lang='lat' dir='ltr'>est,</span> <span class='ocrx_word' id='word_1_213' title='bbox 715 3282 824 3340; x_wconf 86' lang='lat' dir='ltr'>utrum</span> <span class='ocrx_word' id='word_1_214' title='bbox 847 3295 917 3340; x_wconf 90' lang='lat' dir='ltr'>eam</span> <span class='ocrx_word' id='word_1_215' title='bbox 940 3275 1058 3357; x_wconf 85' lang='lat' dir='ltr'>agendi</span> <span class='ocrx_word' id='word_1_216' title='bbox 1081 3294 1220 3351; x_wconf 84' lang='lat' dir='ltr'>causam,</span> <span class='ocrx_word' id='word_1_217' title='bbox 1257 3296 1340 3357; x_wconf 89' lang='lat' dir='ltr'>quae</span> 
     </span>
     <span class='ocr_line' id='line_1_28' title="bbox 200 3375 1341 3461; baseline 0.003 -20"><span class='ocrx_word' id='word_1_218' title='bbox 200 3379 371 3460; x_wconf 89' lang='lat' dir='ltr'>participio</span> <span class='ocrx_word' id='word_1_219' title='bbox 394 3379 592 3460; x_wconf 86' lang='lat' dir='ltr'>exprimitur,</span> <span class='ocrx_word' id='word_1_220' title='bbox 623 3398 696 3442; x_wconf 90' lang='lat' dir='ltr'>vere</span> <span class='ocrx_word' id='word_1_221' title='bbox 724 3378 837 3442; x_wconf 89' lang='lat' dir='ltr'>adesse</span> <span class='ocrx_word' id='word_1_222' title='bbox 867 3375 1046 3458; x_wconf 87' lang='lat' dir='ltr'>subjectum</span> <span class='ocrx_word' id='word_1_223' title='bbox 1069 3381 1156 3440; x_wconf 86' lang='lat' dir='ltr'>certo</span> <span class='ocrx_word' id='word_1_224' title='bbox 1179 3376 1341 3461; x_wconf 85' lang='lat' dir='ltr'>intelligat</span> 
     </span>
     <span class='ocr_line' id='line_1_29' title="bbox 200 3477 1339 3561; baseline 0.001 -17"><span class='ocrx_word' id='word_1_225' title='bbox 200 3501 242 3544; x_wconf 88' lang='lat' dir='ltr'>an</span> <span class='ocrx_word' id='word_1_226' title='bbox 265 3480 327 3543; x_wconf 88' lang='lat' dir='ltr'>hac</span> <span class='ocrx_word' id='word_1_227' title='bbox 349 3499 445 3544; x_wconf 86' lang='lat' dir='ltr'>causa</span> <span class='ocrx_word' id='word_1_228' title='bbox 466 3480 509 3545; x_wconf 91' lang='lat' dir='ltr'>ad</span> <span class='ocrx_word' id='word_1_229' title='bbox 532 3481 691 3561; x_wconf 87' lang='lat' dir='ltr'>agendum</span> <span class='ocrx_word' id='word_1_230' title='bbox 713 3501 747 3545; x_wconf 86' lang='lat' dir='ltr'>se</span> <span class='ocrx_word' id='word_1_231' title='bbox 769 3478 887 3544; x_wconf 89' lang='lat' dir='ltr'>adduci</span> <span class='ocrx_word' id='word_1_232' title='bbox 908 3477 1130 3543; x_wconf 88' lang='lat' dir='ltr'>tantummodo</span> <span class='ocrx_word' id='word_1_233' title='bbox 1149 3479 1278 3544; x_wconf 87' lang='lat' dir='ltr'>simulet</span> <span class='ocrx_word' id='word_1_234' title='bbox 1299 3502 1339 3545; x_wconf 92' lang='lat' dir='ltr'>au</span> 
     </span>
     <span class='ocr_line' id='line_1_30' title="bbox 201 3579 1340 3666; baseline 0.001 -21"><span class='ocrx_word' id='word_1_235' title='bbox 201 3602 272 3646; x_wconf 89' lang='lat' dir='ltr'>eam</span> <span class='ocrx_word' id='word_1_236' title='bbox 293 3581 405 3647; x_wconf 89' lang='lat' dir='ltr'>adesse</span> <span class='ocrx_word' id='word_1_237' title='bbox 428 3602 515 3646; x_wconf 89' lang='lat' dir='ltr'>mere</span> <span class='ocrx_word' id='word_1_238' title='bbox 537 3583 717 3664; x_wconf 86' lang='lat' dir='ltr'>suspicetur</span> <span class='ocrx_word' id='word_1_239' title='bbox 739 3585 837 3666; x_wconf 88' lang='lat' dir='ltr'>atque</span> <span class='ocrx_word' id='word_1_240' title='bbox 861 3580 1029 3644; x_wconf 89' lang='lat' dir='ltr'>existimet.</span> <span class='ocrx_word' id='word_1_241' title='bbox 1081 3579 1195 3663; x_wconf 89' lang='lat' dir='ltr'>Itaque</span> <span class='ocrx_word' id='word_1_242' title='bbox 1218 3603 1258 3646; x_wconf 86' lang='lat' dir='ltr'>ex</span> <span class='ocrx_word' id='word_1_243' title='bbox 1279 3582 1340 3646; x_wconf 91' lang='lat' dir='ltr'>loci</span> 
     </span>
     <span class='ocr_line' id='line_1_31' title="bbox 201 3678 1341 3767; baseline -0.002 -19"><span class='ocrx_word' id='word_1_244' title='bbox 201 3704 296 3748; x_wconf 90' lang='lat' dir='ltr'>sensu</span> <span class='ocrx_word' id='word_1_245' title='bbox 332 3689 365 3747; x_wconf 91' lang='lat' dir='ltr'>et</span> <span class='ocrx_word' id='word_1_246' title='bbox 399 3689 549 3748; x_wconf 86' lang='lat' dir='ltr'>contextu</span> <span class='ocrx_word' id='word_1_247' title='bbox 578 3683 790 3767; x_wconf 88' lang='lat' dir='ltr'>judicandum</span> <span class='ocrx_word' id='word_1_248' title='bbox 824 3689 890 3760; x_wconf 89' lang='lat' dir='ltr'>est,</span> <span class='ocrx_word' id='word_1_249' title='bbox 927 3688 1036 3747; x_wconf 91' lang='lat' dir='ltr'>utrum</span> <span class='ocrx_word' id='word_1_250' title='bbox 1069 3683 1262 3767; x_wconf 81' lang='lat' dir='ltr'>particulam</span> <span class='ocrx_word' id='word_1_251' title='bbox 1297 3678 1341 3760; x_wconf 82' lang='grc' dir='ltr'>ὠς</span> 
     </span>
    </p>
   </div>
   <div class='ocr_carea' id='block_1_15' title="bbox 201 3855 404 3865">
    <p class='ocr_par' dir='ltr' id='par_1_16' title="bbox 201 3855 404 3865">
     <span class='ocr_line' id='line_1_32' title="bbox 201 3855 404 3865; baseline -0.015 0"><span class='ocrx_word' id='word_1_252' title='bbox 201 3855 404 3865; x_wconf 71' lang='grc'><em>-...-.----</em></span> 
     </span>
    </p>
   </div>
   <div class='ocr_carea' id='block_1_16' title="bbox 272 3949 1341 4020">
    <p class='ocr_par' dir='ltr' id='par_1_17' title="bbox 272 3949 1341 4020">
     <span class='ocr_line' id='line_1_33' title="bbox 272 3949 1341 4020; baseline 0.004 -16"><span class='ocrx_word' id='word_1_253' title='bbox 272 3951 297 4020; x_wconf 83' lang='grc'>*)</span> <span class='ocrx_word' id='word_1_254' title='bbox 327 3950 455 4005; x_wconf 83' lang='lat' dir='ltr'>Consului</span> <span class='ocrx_word' id='word_1_255' title='bbox 473 3950 507 4004; x_wconf 87' lang='lat' dir='ltr'>de</span> <span class='ocrx_word' id='word_1_256' title='bbox 525 3951 576 4006; x_wconf 83' lang='lat' dir='ltr'>hac</span> <span class='ocrx_word' id='word_1_257' title='bbox 595 3951 711 4004; x_wconf 83' lang='lat' dir='ltr'>materia</span> <span class='ocrx_word' id='word_1_258' title='bbox 730 3953 886 4004; x_wconf 83' lang='lat' dir='ltr'>accuratam</span> <span class='ocrx_word' id='word_1_259' title='bbox 904 3949 938 4003; x_wconf 88' lang='lat' dir='ltr'>de</span> <span class='ocrx_word' id='word_1_260' title='bbox 958 3949 983 4002; x_wconf 91' lang='lat' dir='ltr'>vi</span> <span class='ocrx_word' id='word_1_261' title='bbox 1002 3953 1030 4004; x_wconf 89' lang='lat' dir='ltr'>et</span> <span class='ocrx_word' id='word_1_262' title='bbox 1050 3967 1101 4003; x_wconf 87' lang='lat' dir='ltr'>usu</span> <span class='ocrx_word' id='word_1_263' title='bbox 1126 3953 1279 4019; x_wconf 85' lang='lat' dir='ltr'>patrioulae</span> <span class='ocrx_word' id='word_1_264' title='bbox 1308 3951 1341 4014; x_wconf 77' lang='grc' dir='ltr'>ὡς</span> 
     </span>
    </p>
   </div>
   <div class='ocr_carea' id='block_1_17' title="bbox 201 4036 1340 4179">
    <p class='ocr_par' dir='ltr' id='par_1_18' title="bbox 201 4036 1340 4179">
     <span class='ocr_line' id='line_1_34' title="bbox 201 4036 1340 4107; baseline 0.004 -16"><span class='ocrx_word' id='word_1_265' title='bbox 201 4039 274 4106; x_wconf 84' lang='lat' dir='ltr'>apud</span> <span class='ocrx_word' id='word_1_266' title='bbox 302 4039 387 4092; x_wconf 85' lang='lat' dir='ltr'>Thuc.</span> <span class='ocrx_word' id='word_1_267' title='bbox 406 4039 671 4104; x_wconf 86' lang='lat' dir='ltr'>commentationem,</span> <span class='ocrx_word' id='word_1_268' title='bbox 702 4055 784 4107; x_wconf 85' lang='lat' dir='ltr'>quam</span> <span class='ocrx_word' id='word_1_269' title='bbox 811 4036 974 4105; x_wconf 87' lang='lat' dir='ltr'>conscripsit</span> <span class='ocrx_word' id='word_1_270' title='bbox 998 4037 1048 4089; x_wconf 91' lang='lat' dir='ltr'>Th.</span> <span class='ocrx_word' id='word_1_271' title='bbox 1070 4037 1173 4093; x_wconf 76' lang='lat' dir='ltr'>Wisen.</span> <span class='ocrx_word' id='word_1_272' title='bbox 1217 4042 1340 4096; x_wconf 78' lang='lat' dir='ltr'>Hancine</span> 
     </span>
     <span class='ocr_line' id='line_1_35' title="bbox 203 4127 280 4179; baseline 0.013 -1"><span class='ocrx_word' id='word_1_273' title='bbox 203 4127 280 4179; x_wconf 83' lang='grc'>1862.</span> 
     </span>
    </p>
   </div>
   <div class='ocr_carea' id='block_1_18' title="bbox 0 0 1480 4754">
    <p class='ocr_par' dir='ltr' id='par_1_19' title="bbox 0 0 1480 4754">
     <span class='ocr_line' id='line_1_36' title="bbox 0 0 1480 4754; baseline 0 1"><span class='ocrx_word' id='word_1_274' title='bbox 0 0 1480 4754; x_wconf 95' lang='lat' dir='ltr'> </span> 
     </span>
    </p>
   </div>
  </div>
 </body>
</html>
