2952 4754
701 258 742 323 49

677 447 697 524 ξ,
718 445 770 509 27.

342 573 386 632 De
408 574 531 651 aliquot
553 575 630 638 loeis
652 593 709 652 per
732 577 863 654 ellipsin
887 580 1094 655 explicandis.

234 732 258 796 I.
282 736 352 813 111,
375 736 411 800 5:
444 740 503 821 τῆς
523 734 583 817 μὲν
605 741 662 822 γῆς
684 733 837 822 ἐκράτουν
859 734 922 803 όσα
942 738 986 827 μὴ
1011 738 1184 825 προϊόντες
1205 740 1292 809 πολὺ

151 829 186 896 ἐκ
207 839 272 898 τῶν
294 831 406 902 ὅπλων
430 837 488 920 (se.
511 833 713 928 ἐκρότησαν).

236 938 290 1002 lv.
314 941 341 1018 6,
362 940 417 1004 12:
444 941 625 1026 φυλάσσειν
646 940 683 1007 δὲ
704 941 759 1006 καί
781 937 839 1029 τὴν
861 947 958 1029 νῆσον
975 939 1172 1031 Ἀθηναίους
1192 945 1293 1032 μηδὲν

148 1037 259 1123 ἧσσον,
284 1035 346 1104 ὅσα
361 1041 405 1129 μὴ
427 1036 681 1126 ἀποβαίνοντας.

236 1143 272 1207 V.
303 1146 353 1221 79,
388 1149 443 1209 ll:
484 1141 704 1228 βουλεύεσθαι
738 1144 1014 1229 Λακεδαιμονίοις
1049 1145 1105 1212 καὶ
1140 1142 1294 1233 Ἀργείως

150 1239 220 1332 ὅπᾳ
243 1269 285 1309 κα
307 1247 360 1330 (=
385 1243 430 1324 ὥς
451 1239 503 1328 όν)
526 1244 719 1314 δικαιότατα
741 1244 911 1332 κρίναντας
931 1253 1002 1328 τοῖς
1023 1247 1210 1332 ξυμμάχοις.
1254 1253 1291 1318 V.

150 1349 202 1429 47,
227 1352 286 1414 29:
307 1345 398 1414 όπλα
420 1349 456 1414 δὲ
477 1347 521 1436 μὴ
545 1348 601 1415 ε’ἅν
622 1346 754 1431 ἐμονσας
775 1351 893 1417 διιέναι
915 1400 923 1417 .
949 1403 956 1417 .
981 1401 987 1417 .
1013 1344 1051 1439 ἢν
1071 1349 1116 1440 μὴ
1140 1363 1293 1440 ψηφισα-

149 1450 254 1534 μένων
275 1456 340 1517 τῶν
361 1449 491 1517 πόλεων
513 1447 653 1520 ἁπασῶν
674 1449 732 1539 τὴν
755 1449 864 1519 δίοδον
886 1445 980 1520 εἶναι.
1010 1492 1045 1502 -
1086 1455 1138 1522 vl
1162 1457 1232 1533 105,
1255 1459 1294 1522 9:

46 1605 51 1612 .
149 1553 204 1619 καί
235 1551 396 1632 πολλάκις
422 1550 576 1638 Ἀργείων
606 1552 800 1620 κελευόντων
829 1551 907 1621 ὅσον
940 1553 1076 1637 σχόντας
1108 1552 1209 1638 μόνον
1237 1555 1292 1640 ξὺν

150 1652 268 1734 ὅπλοις
291 1654 325 1733 ἒς
346 1655 404 1742 τὴν
426 1656 625 1742 Λακωνικὴν
654 1653 769 1722 καὶτὸ
794 1655 962 1740 ε’λοίχιστον
983 1657 1067 1741 μετὰ
1095 1665 1189 1746 σφῶν
1211 1657 1295 1749 δηιό-

152 1781 272 1836 σαντας
294 1753 460 1824 ἀπελθεῖν
482 1753 539 1823 οόκ
561 1752 692 1845 ἤθελον.

239 1862 290 1926 Ad
319 1862 399 1926 haee
427 1863 600 1945 partieipia
631 1862 764 1928 verbum
794 1862 918 1927 finitum
949 1861 1206 1929 subaudiendum
1236 1872 1294 1944 est,

149 1964 197 2028 ita
218 1970 255 2028 ut
275 1964 337 2028 hae
359 1964 526 2041 formulae,
551 1984 634 2045 quae
653 1971 728 2029 sunt
749 1959 812 2027 ὅσα
833 1961 888 2050 μή,
911 1959 983 2051 ὅπη
1004 1987 1055 2047 κα,
1085 1960 1163 2030 ὅσον
1184 1962 1293 2050 μόνον,

149 2057 187 2152 ἢν
201 2062 256 2152 μή,
279 2067 431 2130 diuturno
453 2087 514 2130 usu
536 2066 698 2131 stabilitae
720 2067 806 2132 idem
827 2066 895 2132 fere
917 2064 1046 2132 valeant
1067 2073 1166 2150 atque
1188 2072 1291 2153 parti-

151 2169 225 2235 cula
245 2164 355 2250 μόνον.

110 2313 112 2319 -
236 2270 287 2335 VI.
310 2272 360 2349 31,
387 2270 440 2335 15:
463 2265 547 2334 ἀλλὰ
563 2265 623 2334 ἐπί
644 2292 680 2334 τε
695 2272 808 2352 βραχεῖ
829 2267 904 2354 πλῷ
925 2263 1126 2356 ὡρμήθησαν
1147 2269 1203 2338 καί
1224 2293 1294 2338 πα-

148 2377 287 2460 ρασκευῇ
317 2367 433 2458 φαύλη·
478 2361 575 2447 οὗτος
604 2369 639 2436 δὲ
661 2367 679 2434 ό
704 2367 823 2447 στόλος
850 2365 895 2446 ὥς
922 2366 1050 2456 χρόνιός
1077 2395 1112 2438 τε
1141 2369 1296 2456 ἐσόμενος

149 2473 205 2540 καὶ
227 2470 297 2538 κατ’
319 2469 490 2558 ἀμφότερα
514 2521 520 2534 ,
545 2521 550 2535 .
578 2520 584 2535 .
615 2467 670 2534 καὶ
693 2468 788 2535 ναυσὶ
808 2469 864 2534 καὶ
886 2471 975 2559 πεζῷ
997 2468 1066 2555 ἅμα
1095 2471 1294 2559 ἐξαρτυθείς,

147 2574 185 2641 τὸ
207 2573 268 2658 μὲν
288 2571 439 2639 ναυτικὸν
461 2622 470 2639 .
494 2623 501 2638 .
524 2572 710 2661 ἐκπονηθέν
733 2622 741 2638 .
764 2621 772 2638 .
796 2621 803 2640 .
826 2569 864 2638 τὸ
887 2571 923 2640 δὲ
945 2569 1044 2655 πεζὸν
1060 2625 1066 2640 .
1084 2625 1116 2640 ..
1142 2575 1293 2662 ἐκκριθὲν

145 2675 202 2746 καὶ
224 2674 416 2765 ἁμιλληθέν.

233 2781 304 2847 Ηοα
332 2782 402 2847 loeo
432 2800 496 2844 non
525 2778 732 2843 anacoluthia
754 2778 936 2857 statuenda,
966 2779 1024 2844 sed
1045 2799 1085 2844 ex
1106 2780 1203 2846 verbo
1227 2775 1291 2866 ώρ-
1360 2785 1375 2816 ⁸

147 2881 313 2972 μήθησυν,
337 2882 622 2966 quodanteoedit,
651 2875 791 2967 ὡρμήθη
814 2881 1071 2947 subaudiendum
1094 2888 1152 2947 est.
1198 2883 1291 2949 Simi-

147 2987 222 3052 liter
244 2986 377 3051 verbum
398 2985 524 3049 finitum
553 3005 592 3048 ex
615 2985 668 3063 eis,
698 3004 781 3065 quae
804 2984 1010 3062 antecedunt,
1034 2984 1292 3054 subaudiendum

149 3094 200 3154 est
220 3088 263 3152 ad
283 3089 456 3170 partieipia
486 3081 593 3165 δείξας
615 3086 653 3163 (Ι,
678 3085 729 3164 87,
754 3085 799 3168 8),
823 3079 928 3148 εἰπών
951 3085 1039 3168 (136,
1064 3084 1128 3169 18),
1160 3087 1292 3172 γράψας

167 3189 327 3269 13121.

150 3193 163 3275 (
237 3292 283 3356 De
303 3189 336 3354 )1.
360 3292 411 3368 25,
443 3291 482 3354 15
516 3290 711 3356 dissentiunt
740 3287 885 3352 homines
916 3289 1022 3352 doeti:
1066 3282 1134 3369 ἅμα
1168 3288 1204 3354 δὲ
1235 3288 1291 3356 καί

147 3389 237 3475 μίσει
272 3397 337 3456 τῶν
366 3386 573 3477 Κερκυραίων
602 3397 657 3469 (ευ.
687 3384 887 3470 ὑπεδέξαντο
915 3384 973 3476 τὴν
1008 3386 1199 3478 τιμωρίαν),
1236 3386 1290 3460 ότι

147 3491 253 3561 αὐτῶν
268 3495 475 3581 παρημέλουν
496 3487 587 3571 όντες
601 3487 754 3558 ἷίποικοιε
777 3485 852 3556 oilae
873 3488 934 3575 γὰρ
957 3487 991 3556 ἒν
1006 3490 1203 3578 πανηρόρεσι
1217 3499 1291 3574 ταῖς

147 3601 273 3673 κοιναῖς
302 3593 447 3674 διδόντες
484 3594 562 3682 γέρα
589 3595 630 3659 τὰ
664 3590 857 3677 νομιζόμενα
889 3587 963 3659 οὔτε
990 3593 1291 3679 προκαταρχόμενοι

28 3757 31 3762 .
248 3703 520 3784 περιφρονοῦντες
548 3697 584 3762 δὲ
615 3747 621 3760 .
647 3746 684 3762 ..
717 3701 856 3781 ναυτικῷ
883 3695 919 3761 δὲ
951 3693 1007 3760 καί
1029 3694 1116 3760 πολὺ
1138 3698 1290 3782 προέχειν

149 3796 238 3867 ἔστιν
260 3796 315 3865 ὅτε
337 3798 549 3885 ἐπαιρόμενοι
572 3850 578 3865 .
604 3854 610 3866 .
635 3849 643 3863 .
688 3800 779 3877 Sunt,
804 3800 860 3880 qui
881 3819 940 3881 per
962 3797 1190 3864 anacoluthian
1211 3822 1290 3883 par·

150 3905 294 3987 ticipium
322 3925 381 3986 pro
404 3903 500 3968 verbo
523 3903 626 3967 finitio
649 3903 789 3985 positum
813 3921 881 3965 esse
905 3899 1031 3975 dieant3
1062 3901 1167 3966 minus
1189 3910 1288 3982 reeta,

149 4013 187 4072 ut
207 4006 285 4070 mihi
307 4006 442 4070 videtur.
499 4003 623 4068 Omissa
647 4006 731 4068 enim
754 4001 915 4086 particula
941 3995 1001 4083 γάρ
1031 4021 1093 4064 non
1127 4011 1222 4081 esset,
1254 4006 1288 4070 in

148 4129 213 4191 quo
244 4108 456 4172 haereremus.
512 4106 596 4170 Addi
630 4113 737 4171 autem
767 4110 875 4187 potest
903 4101 1065 4186 particula
1092 4101 1167 4189 γάρ,
1205 4108 1289 4174 sieut

1043 4221 1061 4275 4
